2925 4909
71 949 296 1083 Quamquam
330 999 425 1066 Nouii
458 999 604 1066 Marcelli
640 999 872 1084 Compendiosa
905 1001 1050 1066 doctrina
1084 1004 1119 1065 et
1153 1000 1260 1067 Verrii

71 1114 191 1181 Flacci
214 1114 267 1179 Dc
286 1114 469 1197 sipnificatn
490 1114 654 1178 andorran
680 1111 763 1177 liber
785 1113 915 1178 diverso
937 1118 1104 1177 auctorum
1127 1111 1259 1193 ingenio

71 1226 185 1292 alieno
210 1224 319 1306 operis
342 1223 477 1290 consilio
506 1242 624 1306 magno
648 1222 770 1288 aetatis
794 1222 901 1305 spatio
926 1228 1080 1304 separata
1103 1228 1189 1305 sunt,
1223 1229 1260 1289 ut

72 1336 271 1404 Gerlachius
299 1334 433 1415 (Nonius
463 1335 511 1400 ed.
540 1334 780 1400 Gerlach-Roth
807 1334 908 1416 praef.
936 1354 967 1415 p.
991 1334 1110 1412 XXIII)
1137 1334 1258 1399 nullam

72 1448 242 1515 rationem
275 1447 361 1512 inter
388 1448 468 1512 haee
496 1446 558 1511 duo
592 1445 776 1528 glossarum
809 1464 945 1526 corpora
973 1443 1174 1510 intercedere
1198 1444 1261 1511 sibi

72 1558 294 1641 persuaserit,
327 1565 437 1623 tamen
465 1564 537 1623 tota
571 1556 610 1621 de
641 1554 736 1621 Nouii
765 1554 908 1621 Marcelli
935 1554 1081 1621 fontibus
1110 1557 1258 1621 doctrina

73 1690 93 1735 a
117 1669 225 1736 Paulo
249 1673 282 1734 et
297 1669 396 1734 Festo
411 1668 559 1750 profecta
581 1675 642 1733 est.
679 1668 715 1733 ln
738 1668 799 1733 hoc
821 1667 905 1733 euim
921 1686 1019 1749 opere
1033 1667 1069 1732 Ο.
1086 1667 1260 1733 Muellerus

74 1780 195 1864 (praef.
221 1779 315 1846 Festi
337 1800 368 1861 p.
392 1780 482 1856 XVl)
504 1777 765 1860 ingeniosissime
794 1779 875 1843 duas
910 1777 1161 1858 uniuscuiusque
1189 1777 1263 1843 libri

74 1897 194 1975 partes
219 1910 290 1956 esse
311 1896 493 1957 statuerat:
516 1891 660 1972 alteram,
683 1891 720 1956 in
742 1912 808 1972 qna
824 1897 954 1972 praeter
969 1890 1116 1972 primam
1138 1891 1264 1956 lilcrcrn

73 2005 111 2070 in
122 2003 292 2070 vocabulis
303 2004 510 2085 disponendis
525 2002 621 2069 eliam
631 2004 779 2083 secunda,
792 2024 886 2083 saepe
900 2002 997 2067 aliern
1008 2002 1102 2067 teriia
1117 2010 1146 2067 el
1152 2002 1263 2084 plnres

74 2117 306 2182 observantur:
338 2116 482 2196 alteram,
516 2115 553 2179 in
585 2136 651 2196 pao
683 2112 777 2178 nnlla
804 2113 908 2196 plane
941 2113 1107 2178 literarum
1134 2121 1264 2195 practer

68 2227 222 2309 primum
238 2226 370 2291 labelnr
390 2227 486 2305 ratio,
508 2227 563 2291 scd
581 2247 687 2290 rernm
702 2225 739 2289 in
754 2225 901 2289 articulis
915 2224 1090 2290 coniunctis
1104 2228 1262 2306 qnoedurn

75 2337 273 2419 conspicitur
289 2338 445 2421 affinitas.
484 2335 684 2401 Posteriores
700 2336 753 2401 vel
776 2335 931 2400 alterae
954 2341 1151 2417 partescum
1169 2355 1262 2418 prae·

74 2450 197 2514 berent
225 2448 355 2529 glossas
390 2446 540 2529 deinceps
568 2446 694 2529 positas
718 2446 917 2513 Catonianos
942 2445 1110 2511 Plautinas
1134 2448 1187 2529 al,
1221 2446 1262 2512 si·

75 2546 201 2625 militer
227 2560 261 2624 iu
283 2557 387 2624 Nonio
411 2557 672 2624 Schneidewinus
696 2558 818 2634 (Goett.
836 2558 905 2624 Gel.
924 2561 1004 2623 Ana.
1024 2562 1116 2622 lata.
1140 2579 1169 2639 p.
1187 2561 1262 2630 697)

76 2669 206 2738 invenit
230 2670 391 2736 ordines
417 2670 609 2752 glossarum,
630 2689 764 2749 quarunt
780 2670 927 2751 exempla
941 2668 1097 2751 primaria
1112 2676 1264 2751 spectant

77 2784 120 2848 ad
146 2783 282 2847 eundem
317 2780 507 2862 scriptorem
540 2781 630 2847 velut
665 2780 708 2846 ad
731 2780 909 2845 Varronem
946 2778 1024 2845 Non.
1055 2801 1084 2861 p.
1111 2785 1194 2863 lau,
1222 2782 1265 2847 ad

78 2894 253 2960 Sisennam
276 2913 307 2974 p.
331 2896 393 2973 ὁὶ,
416 2892 459 2956 ad
482 2890 668 2957 Ciceronem
693 2912 722 2972 p.
749 2893 819 2956 130.
859 2891 1129 2972 Distinguendum
1153 2898 1263 2958 autem

76 3010 132 3070 est
161 3003 196 3068 iu
218 3003 338 3084 glossis
362 3001 518 3068 Nonianis
553 3003 763 3083 exemplum
797 3001 1041 3083 primarium,
1076 3005 1162 3084 quod
1189 3010 1265 3086 post

78 3113 245 3181 lemmatis
268 3113 514 3196 explicationem
543 3114 680 3195 primum
704 3114 808 3178 locum
838 3114 974 3195 obtinet,
1009 3134 1071 3194 quo
1096 3116 1163 3181 solo
1187 3115 1264 3180 ordo

79 3226 256 3307 indicatur,
272 3229 313 3291 ab
329 3224 519 3306 exemplis
536 3224 776 3305 subsecivis
794 3243 876 3304 quae
888 3226 1067 3306 exemplum
1080 3225 1264 3306 primarium

81 3340 335 3417 subsequuntur.
373 3334 588 3402 Nouiauorum
605 3336 717 3401 ordin
725 3347 781 3402 unt
798 3335 981 3415 quaestioni
997 3336 1112 3401 deinde
1128 3336 1265 3401 maxime

79 3467 213 3531 operam
248 3447 405 3515 dederuut
440 3446 567 3513 lliesius
598 3448 762 3528 (Symbola
790 3446 900 3527 philol.
931 3446 1090 3513 Bonnens.
1119 3468 1148 3529 p.
1179 3448 1265 3528 483),

82 3559 376 3625 Schottmuellerus
400 3558 454 3635 (ib.
478 3579 509 3640 p.
533 3561 618 3639 809),
642 3558 675 3622 P.
693 3557 889 3624 Schmidtius
913 3560 945 3623 iu
963 3558 1196 3625 dissertatione
1217 3559 1267 3622 Dc

77 3671 189 3736 Nonii
211 3670 365 3736 Marcelli
388 3671 568 3736 canoribus
593 3669 815 3753 prornrnaticia
838 3670 934 3734 etde
962 3670 1106 3736 lontibus
1128 3672 1189 3735 hoo
1211 3689 1266 3750 po-

80 3781 244 3847 tissimum
268 3780 444 3847 effecerunt
457 3779 594 3846 Nonium
606 3799 700 3846 usum
715 3799 788 3844 esse
808 3781 1047 3846 commentariis
1060 3781 1265 3862 scriptorum,

81 3912 218 3974 quorum
234 3898 350 3957 extant
372 3892 501 3957 ordines
516 3891 693 3972 titulorum,
718 3890 769 3956 cui
785 3891 970 3957 sententiae
984 3911 1077 3957 nemo
1101 3894 1263 3957 adhucne

80 4002 280 4071 novissimus
300 4003 427 4085 quidem
443 4002 537 4068 Nonii
553 4002 658 4067 editor
673 4002 709 4066 L.
726 4002 900 4068 Muellerus
916 4001 1053 4081 (Nonius
1071 4002 1108 4068 ll.
1125 4007 1201 4074 254)
1218 4022 1268 4066 re·

82 4115 235 4197 fragatns
270 4120 330 4179 est.
374 4114 454 4178 ltem
478 4112 765 4195 lleitzensteiuius,
796 4114 849 4194 qui
877 4115 908 4179 iu
933 4114 1014 4179 libro
1045 4115 1268 4180 Verrianisclre

80 4227 310 4308 Forsclrnnpen
324 4224 429 4289 Verrii
444 4226 552 4290 t'ontes
568 4244 685 4305 magno
701 4243 772 4289 cum
788 4223 934 4291 acumine
950 4224 1069 4290 mentis
1085 4223 1266 4306 indagavit,

83 4336 256 4403 alterius
284 4336 414 4416 partis
444 4336 572 4417 glossas
598 4335 765 4400 Plautinas
794 4357 834 4400 ex
869 4337 1107 4401 commentariis
1135 4335 1268 4401 duxisse

718 4447 721 4453 '
1065 4439 1076 4488 l
