2925 4909
577 303 789 366 ..37-

174 490 216 554 V.
243 489 308 556 His
331 490 503 571 adiungo
526 490 695 571 quinque
717 492 890 573 glossas,
914 491 1108 574 inquibus
1125 490 1271 561 Nonius

81 620 194 667 exem
204 602 308 684 plum
333 600 568 684 Plautinum,
598 601 772 672 Verrius
792 601 893 672 alios
922 602 1112 687 anctorels
1139 605 1270 671 affert.

84 716 114 792 1)
139 712 230 779 Non.
256 715 538 779 1555555551
571 714 604 779 vi
636 712 768 795 propria
802 717 837 779 et
869 711 1000 795 ingenio
1034 716 1173 782 tardum.
1196 736 1271 782 nam

82 824 210 891 Graeci
226 825 346 890 bardos
362 824 475 890 tardos
492 822 653 889 dicebant.
694 823 850 890 Homerus
864 877 871 889 .
886 875 913 889 ..
931 824 1068 891 Plautus
1085 825 1204 892 Persa.
1220 881 1226 893 .
1242 874 1270 893 ..

82 935 177 1002 Paul.
205 940 257 1003 28.
282 937 401 1002 bardas
424 935 546 1002 stultus
570 956 590 1001 a
611 935 771 1002 tarditate
797 934 921 1017 ingenii
952 936 1147 1017 appellatur.
1192 937 1272 1004 Cae·

81 1047 207 1114 cilius.
228 1099 260 1114 ..
285 1048 438 1114 Trahitur
454 1052 563 1113 antem
578 1067 599 1112 a
614 1047 750 1129 Graeco,
774 1047 858 1127 quod
872 1046 921 1112 illi
941 1046 1061 1130 βαρδύς
1084 1047 1206 1114 dicunt.
1231 1086 1266 1094 ·-

82 1157 184 1224 Nonii
221 1159 335 1242 glossa
368 1159 399 1225 in
436 1158 537 1240 primo
564 1159 676 1224 ordine
710 1158 861 1224 Plautino
895 1157 1025 1240 legitur.
1082 1158 1271 1226 Primarium

82 1271 271 1353 exemplum
301 1275 354 1336 est
375 1269 496 1335 Persae
522 1289 647 1336 versus
692 1270 759 1335 Sub
787 1274 940 1351 quattuor
967 1269 1051 1336 enim
1080 1269 1190 1336 titulis
1217 1291 1270 1335 ex-

83 1380 218 1463 cipiunt
231 1402 267 1448 se
279 1387 434 1464 quattuor
444 1381 539 1447 huius
552 1379 736 1447 comoediae
747 1400 862 1447 versus
879 1380 1005 1469 (foculo
1017 1380 1119 1448 Persa
1133 1386 1159 1448 l.
1170 1385 1199 1448 3.
1209 1385 1271 1465 24,

84 1494 228 1559 bardam
252 1496 281 1559 1.
307 1498 335 1557 l.
358 1497 404 1576 2.,
427 1493 492 1559 ilex
513 1494 543 1558 3.
567 1494 595 1558 3.
619 1496 667 1576 4.,
691 1493 833 1566 lurcones
855 1495 884 1558 3.
909 1494 940 1563 3.
965 1496 1026 1566 16.)
1071 1494 1271 1567 655511511-

82 1604 194 1670 mnell.
220 1626 251 1687 p.
276 1606 346 1671 823.
394 1603 600 1686 Etymologia
622 1625 643 1670 a
665 1604 799 1670 Graecis
821 1602 927 1685 petita
949 1604 1110 1670 Homerici
1133 1606 1271 1687 exempli

84 1714 147 1781 fuit
172 1736 277 1783 causa
305 1720 338 1781 et
365 1734 500 1797 prorsus
534 1730 604 1781 oum
630 1714 745 1781 Verrio
772 1715 863 1781 facit.
908 1719 941 1788 ‘ll
965 1713 1046 1781 Non.
1070 1719 1121 1782 35.
1145 1718 1271 1800 copiae

85 1845 193 1908 genus
226 1826 344 1910 morbi,
379 1847 416 1892 eo
439 1827 531 1907 ¹quod
563 1830 666 1908 angat
688 1831 723 1891 et
745 1845 864 1908 graece
887 1829 1053 1908 synanche
1075 1829 1268 1910 appellatur.

87 1937 311 2006 Lucilius...
337 1939 411 2015 OEst
433 1937 509 2003 ordo
538 1936 653 2015 Lucil.)
704 1937 792 2003 Paul.
817 1940 846 2002 8.
871 1961 974 2022 anper
1006 1944 1059 2005 est
1092 1938 1190 2005 animi
1217 1941 1270 2007 vel

87 2051 237 2132 corporis
260 2051 434 2132 cruciatus,
458 2047 586 2131 proprie
608 2069 629 2114 a
651 2049 776 2115 Graeco
800 2050 911 2133 ἀγχόνη
927 2051 949 2115 1.
965 2069 992 2115 5.
1009 2051 1270 2132 strangulatione

87 2160 215 2244 dictus3
250 2163 334 2228 unde
361 2167 396 2226 et
422 2160 562 2227 faucium
585 2161 676 2226 dolor
698 2160 848 2242 angina
869 2166 1015 2227 vocatur.
1061 2161 1270 2230 Plautus...

89 2270 135 2337 Cf.
159 2273 255 2340 Paul.
280 2275 330 2339 23.
353 2272 507 2355 anginam
529 2271 697 2339 vinariam.
734 2272 914 2337 Reitzenst.
938 2275 988 2338 65.
1012 2274 1087 2338 adn.
1133 2272 1270 2351 311155.

88 2387 160 2449 456.
184 2393 331 2468 stuprum
359 2385 544 2450 1155551555
579 2382 642 2448 dici
675 2387 808 2465 putant,
843 2385 927 2464 quod
961 2403 1032 2449 cum
1059 2383 1166 2451 viduis
1189 2405 1272 2451 com-

89 2494 244 2562 mittitur.
267 2504 398 2563 veteres
415 2515 472 2576 pro
488 2492 648 2561 adulterio
665 2498 699 2559 et
714 2493 796 2561 vitio
818 2499 952 2576 ponunt.
991 2494 1125 2562 Plautus
1141 2496 1272 2577 Amphi-

26 2587 29 2590 *
89 2609 208 2688 tryone
227 2657 233 2671 .
251 2657 282 2672 ..
308 2606 397 2673 Fest.
414 2605 500 2671 XlV.
519 2609 570 2671 al.
586 2609 637 2669 21.
653 2613 798 2688 55555555
814 2625 872 2687 pro
896 2605 1098 2687 turpitudine
1120 2606 1272 2688 antiquos

89 2715 216 2784 dixisse
238 2725 376 2800 apparet
397 2716 430 2783 in
454 2715 544 2782 Nelei
567 2716 774 2782 carmine...
799 2721 833 2781 et
855 2715 888 2781 iu
912 2716 1009 2799 Appii
1032 2717 1271 2784 sententiis...

90 2824 244 2896 Naevius.
260 2865 302 2873 —
319 2827 414 2894 Nonii
435 2829 597 2909 glossam,
626 2846 709 2907 quae
736 2827 769 2892 in
802 2826 883 2893 libro
906 2831 945 2893 de
960 2829 1149 2912 impropriis
1169 2829 1273 2895 locum

89 2937 189 3005 habet
214 2948 257 3014 lv.
282 2960 308 3005 5.
332 2959 402 3021 cap.
427 2939 475 3022 1.),
500 2943 678 3018 sequuntur
704 2936 789 3003 aliae
813 2938 987 3004 Plautinae
1015 2953 1086 3005 cum
1118 2940 1273 3023 exemplis

92 3068 130 3113 ex
151 3052 274 3132 Amph.
293 3055 328 3116 et
356 3049 449 3131 Epid.
495 3054 528 3122 4)
550 3047 630 3115 Non.
655 3050 726 3125 483.
750 3058 942 3116 mansuetem
973 3055 1008 3116 et
1028 3073 1193 3117 morcsuem
1215 3073 1272 3133 pro

92 3168 308 3245 mansuetum,
331 3167 369 3228 ut
391 3161 436 3227 sit
457 3159 674 3227 nominativus
697 3179 860 3227 mansues.
896 3161 1033 3227 Plautus
1056 3160 1272 3227 Asinaria...

94 3271 285 3341 Accius...
307 3273 481 3339 Varro...
516 3271 608 3338 Fest.
633 3271 686 3337 lll.
710 3274 741 3337 3.
766 3276 815 3337 ll.
838 3295 987 3339 55555555
1014 3294 1072 3355 pro
1103 3278 1273 3339 mansueto

94 3382 175 3450 dixit
190 3385 273 3450 Cato
292 3436 298 3447 .
316 3437 348 3449 ..
374 3421 413 3429 -
438 3382 534 3450 Nonii
556 3383 668 3465 glossa
691 3403 731 3449 ex
754 3384 836 3449 libro
860 3387 898 3450 de
920 3392 1042 3451 matuta
1064 3385 1275 3450 declinatione

96 3492 247 3563 Plautina
270 3501 336 3578 est,
360 3495 468 3561 Verrii
490 3495 671 3572 Catoniana
700 3515 740 3559 ex
763 3496 868 3560 altera
890 3499 995 3577 parte.
1041 3500 1072 3570 5)
1097 3494 1175 3562 Nou.
1201 3498 1272 3561 540.

95 3626 271 3690 supparum
293 3614 345 3672 est
366 3606 501 3673 linteum
523 3605 678 3672 femorale
697 3626 800 3688 usque
815 3606 857 3672 ad
872 3609 959 3674 talos
975 3607 1129 3689 pendens,
1152 3605 1273 3671 dictum

97 3720 178 3795 quod
212 3723 328 3800 suptus
362 3722 530 3800 appareat.
585 3716 719 3784 Plautus
754 3718 787 3783 iu
820 3718 954 3800 Epidico
1077 3716 1199 3784 Novius
1216 3770 1223 3783 .
1241 3768 1273 3783 ..

98 3826 250 3896 Afranius
272 3828 437 3911 Epistula:
472 3829 531 3909 ,511
560 3829 647 3895 tace!
681 3831 790 3911 puella
812 3849 876 3895 non
900 3849 988 3910 sum,
1012 3849 1152 3911 supparo
1176 3827 1205 3894 si
1226 3828 1274 3894 iu·

98 3936 174 4005 duta
197 3937 305 4008 suml'
341 3941 443 4006 l'arro
460 3991 467 4005 .
486 3991 517 4006 ..
548 3939 639 4006 Fest.
662 3940 749 4005 XIV.
775 3945 824 4006 15.
852 3943 901 4006 10.
924 3962 1086 4023 supparus
1108 3938 1275 4014 dicebatur

98 4051 239 4129 puellare
261 4050 489 4118 vestimentum
511 4051 645 4135 lineum,
676 4052 761 4132 quod
787 4058 822 4117 et
852 4051 1007 4124 subucula
1037 4051 1273 4132 appellabatur.

100 4157 308 4229 Titinius...
338 4161 480 4230 Naevius
497 4211 504 4227 .
522 4214 554 4228 ..
585 4166 621 4228 at
654 4182 739 4228 nunc
774 4182 948 4244 supparos.
967 4161 1167 4243 appellamus
1202 4162 1275 4229 vela

100 4268 163 4337 lina
185 4293 311 4341 crucem
335 4292 494 4356 expansa,
528 4293 688 4355 supparus
720 4282 829 4339 autem
852 4274 981 4351 videtur
1009 4273 1153 4353 puellare
1174 4272 1274 4341 vesti·
