2925 4909
669 320 881 382 -qg..

189 507 286 572 laria:
323 505 409 587 ,quia
441 505 555 570 temeti
576 504 621 570 nil
655 506 799 571 adlatum
833 505 1013 587 intellego'·
1057 507 1143 573 Idem
1173 508 1380 575 Truculento

271 617 314 682 u.
342 617 464 683 Tullius
481 666 489 681 .
506 666 537 680 ..
569 617 727 699 (exempla
757 618 870 683 temeti
898 618 1101 696 afferuntur).
1159 618 1249 686 Fest.
1283 620 1378 685 XVl.

189 730 281 793 131.
299 735 439 794 temetum
454 727 572 794 vinnm.
608 728 744 795 Plautus
765 729 797 795 in
817 729 998 796 Aulularia:
1023 727 1193 812 ,Cererin·',
1217 730 1378 812 Strobile,

188 841 249 904 has
271 839 390 904 facturi
412 841 570 920 nuptias‘.l
604 838 683 920 quii
716 842 793 921 quia
815 841 928 905 temeti
958 840 1038 906 nihil
1062 842 1103 905 ad
1125 840 1227 906 latum
1249 839 1376 907 video'.

188 949 382 1031 Pomponius
412 949 562 1027 (temetil
613 949 734 1017 Novius
763 952 889 1026 (temeti
917 952 1128 1018 temrdentum
1157 953 1376 1030 temulentas)

189 1061 344 1127 Afranius
368 1062 609 1141 (temulentae).
628 1098 663 1108 -
683 1062 776 1128 Festi
792 1063 905 1145 glossa
920 1062 1038 1144 prioris
1054 1063 1161 1144 partis
1184 1069 1245 1128 est.
1277 1062 1377 1128 Com·

189 1172 293 1238 munis
327 1193 441 1240 versus
477 1174 549 1239 Aul.
573 1177 602 1237 2.
627 1177 656 1239 2.
682 1176 711 1240 6.
747 1174 834 1255 apud
855 1173 991 1240 Nonium
1024 1175 1125 1239 habet
1147 1174 1375 1239 Palatinorum

188 1283 359 1350 lectionem
384 1284 530 1365 ‚allatum
554 1282 736 1367 intellego,
770 1286 856 1366 apud
878 1285 967 1350 Fest.
993 1283 1121 1366 ‚video'.
1173 1286 1221 1351 cf.
1246 1285 1376 1351 Leidol.

189 1398 262 1461 247.
287 1416 312 1461 s.
337 1395 474 1476 Hennig.
498 1398 548 1460 31.
598 1396 646 1460 Ex
673 1397 888 1478 explicatione
921 1396 1033 1462 temeti
1061 1395 1106 1461 nil
1134 1396 1220 1462 effici
1247 1401 1376 1478 potest.

190 1509 222 1584 i)
244 1504 324 1571 Non.
349 1508 378 1570 8.
401 1514 521 1572 nunno
555 1512 607 1571 est
641 1525 725 1587 aqua
759 1508 798 1572 de
826 1507 923 1573 coriis
946 1509 1008 1588 vel,
1043 1508 1127 1587 quod
1161 1512 1214 1573 est
1247 1507 1375 1589 verius,

189 1636 274 1698 aqua
296 1617 336 1681 de
365 1616 494 1682 sentina
517 1616 606 1682 dicta
635 1638 655 1682 a
683 1617 834 1700 navigiis.
888 1619 1023 1684 Plautus
1046 1617 1251 1684 Curculione:
1287 1638 1378 1701 ‚nam

189 1728 330 1794 omnium
351 1732 550 1808 unguentum
574 1728 652 1794 odor
667 1750 745 1811 prae
761 1736 817 1795 tuo
840 1734 961 1795 nautea
984 1726 1060 1795 est'.
1096 1729 1182 1794 ldem
1202 1729 1377 1795 Asinaria:

191 1818 353 1921 ,nauteam
376 1838 486 1904 bibere
509 1839 627 1922 malim,
651 1839 680 1906 si
703 1859 837 1907 necesse
861 1840 915 1914 sit,
938 1860 1033 1920 quam
1056 1839 1145 1905 illam
1166 1839 1376 1906 oscularier'.

183 1950 279 2016 Fest.
304 1950 357 2015 lx.
386 1953 432 2013 14.
458 1953 508 2013 ⁶27.
532 1959 683 2017 nauteam
717 1951 765 2016 ait
788 1950 914 2033 Opilius
938 1951 1089 2017 Aurelius
1123 1952 1244 2016 herbae
1267 1971 1376 2033 genus

190 2081 265 2126 esse
287 2061 399 2142 granis
433 2061 548 2143 nigris,
583 2083 646 2143 qua
669 2061 788 2127 coriari
811 2069 957 2143 utuntur,
991 2061 1081 2128 cuius
1116 2062 1221 2128 videri
1243 2083 1263 2127 a
1286 2082 1375 2129 nave

192 2173 323 2238 ductum
346 2192 471 2255 nomen,
495 2173 571 2253 quia
585 2193 742 2239 nauseam
765 2173 846 2238 iacit
864 2226 869 2238 .
888 2224 893 2236 .
914 2224 921 2236 .
944 2173 1079 2239 Plautus
1096 2173 1130 2238 iu
1147 2175 1322 2239 Artemone
1340 2226 1348 2239 .
1367 2227 1373 2239 .

192 2285 279 2349 ldem
293 2283 499 2350 umeulione:
516 2304 600 2366 ,uam
617 2285 696 2350 odor
712 2291 914 2365 unguentum
930 2284 1069 2350 omnium
1086 2304 1164 2366 prae
1179 2290 1236 2350 tuo
1252 2291 1375 2351 nautea

192 2391 267 2460 est'.
292 2395 327 2460 lu
340 2394 483 2461 Casina.
503 2447 509 2460 .
535 2396 641 2461 Labeo
658 2448 665 2461 .
683 2448 690 2461 .
714 2395 772 2478 ait,
788 2400 939 2461 nauteam
956 2395 1104 2461 rubidum
1121 2395 1273 2477 quiddam
1289 2416 1374 2479 esse,

192 2527 253 2587 quo
276 2507 463 2589 pontificum
479 2507 677 2574 vestimenta
700 2507 857 2588 quaedam
881 2508 1038 2572 colorant.
1054 2543 1095 2552 -
1111 2509 1284 2572 Auctorem
1301 2527 1374 2573 sen·

191 2601 315 2683 tentiae
339 2607 514 2685 communis
538 2618 672 2684 Verrius
688 2624 845 2699 provocat
867 2618 910 2683 ad
933 2618 1095 2683 Aurelium
1112 2617 1263 2700 Opilium,
1279 2638 1373 2699 quem

193 2729 389 2795 Ritschelius
419 2730 549 2811 Parerg·
574 2730 595 2795 l.
621 2732 692 2794 365.
728 2749 790 2794 non
815 2749 873 2810 pro
898 2729 1005 2794 Plauti
1039 2734 1292 2795 commentatore
1315 2731 1373 2795 sed

192 2862 250 2923 pro
285 2842 519 2924 glossographo
555 2843 653 2906 habet
682 2840 734 2916 lei.
759 2839 913 2906 Schmidt.
938 2845 988 2905 li.
1022 2840 1142 2905 Leidol.
1166 2842 1239 2905 208.
1274 2840 1371 2914 adm).

194 2952 393 3033 Quamquam
416 2953 493 3018 ordo
516 2954 687 3018 verborum
708 2951 742 3015 in
765 2950 967 3017 Cureulionis
988 2971 1088 3017 versu
1110 2957 1282 3032 corruptus
1305 2956 1368 3034 est,

190 3068 298 3129 tamen
312 3063 433 3130 Festus
445 3084 517 3129 cum
534 3062 560 3129 N
563 3064 636 3130 onio
648 3063 729 3129 iacit
741 3063 775 3127 in
786 3081 864 3128 vera
875 3062 1014 3128 lectione
1027 3060 1166 3146 ‚nautea'
1178 3067 1292 3128 contra
1304 3062 1370 3128 Pal.

192 3172 350 3258 ‚nauseal
378 3176 425 3242 Cf.
443 3176 561 3242 Leidol.
579 3178 652 3240 239.
676 3174 806 3239 Caesar.
824 3175 874 3236 53.
901 3173 1021 3238 lleblin.
1040 3176 1090 3238 50.
1116 3174 1240 3238 Loewe.
1258 3174 1327 3237 284.
1344 3193 1369 3239 s

281 3285 348 3352 Has
372 3293 498 3368 septem
518 3288 648 3368 glossas
670 3283 699 3350 si
720 3283 921 3366 respicimus,
945 3283 1170 3366 explicationis
1187 3283 1369 3366 similitudo,

193 3417 275 3479 quae
298 3398 337 3462 de
360 3399 519 3463 communi
540 3398 631 3464 fonte
654 3395 801 3476 cogitare
824 3415 881 3460 nos
906 3400 1014 3477 cogat,
1038 3401 1175 3477 apparet
1189 3415 1231 3463 111
1253 3394 1368 3475 glossis

190 3510 296 3576 claues
318 3532 435 3593 111111
456 3517 584 3574 aculeo.
624 3509 731 3588 Atque
755 3507 866 3572 clunes
890 3513 925 3571 et
946 3511 1067 3572 nautea
1090 3506 1182 3571 nobis
1195 3510 1288 3571 certe
1308 3526 1368 3571 non

190 3641 230 3686 ex
265 3620 495 3686 conimentario
530 3620 681 3685 Plautino
716 3617 843 3706 petitae
877 3637 951 3683 esse
985 3617 1078 3685 visae
1113 3622 1198 3683 sunt.
1249 3616 1368 3684 Versus

190 3737 299 3798 autem
323 3732 466 3798 eiusdem
493 3729 692 3796 recensionis
722 3728 863 3811 speciem
893 3731 1051 3810 praebere
1072 3728 1225 3794 videntur
1246 3729 1367 3795 laudati

190 3845 222 3908 iu
239 3844 349 3925 glossa
364 3844 464 3925 ruam,
488 3841 617 3906 minime
632 3846 742 3906 autem
757 3841 789 3904 iu
814 3840 934 3921 glossis
950 3841 1056 3906 claues
1070 3841 1238 3905 sablmtm
1253 3862 1367 3921 nepam

190 3955 366 4021 lemnado.
413 3952 484 4019 Non
507 3953 591 4019 satis
615 3957 702 4017 certe
726 3952 766 4016 de
788 3952 930 4017 actitatio
953 3958 987 4016 et
1009 3959 1128 4017 nautea
1151 3955 1291 4016 constat.

276 4178 312 4243 ll.
347 4178 388 4243 Hi
422 4183 499 4243 suut
533 4194 646 4243 versus
682 4175 824 4242 Plautini
854 4174 960 4240 Verrii
993 4179 1027 4238 et
1050 4171 1146 4239 Nonii
1176 4192 1365 4257 communes

190 4289 354 4373 reliquis
378 4290 415 4355 in
438 4289 587 4374 glossis
611 4287 754 4356 Festus
778 4292 845 4353 aut
867 4294 980 4352 caret
1003 4284 1178 4367 exemplo
1202 4290 1271 4350 aut
1293 4286 1366 4351 uti-
