2925 4909
594 270 805 332 ..47-

88 460 180 521 540.
206 455 299 539 toga'.
336 456 575 538 titilianum,
611 457 780 536 subucula,
814 460 885 521 544.
909 477 1019 538 cupas,
1054 458 1178 538 urnula,
1216 461 1288 524 546.

82 569 229 651 oalpar,
254 569 493 650 5411161166),
522 567 693 650 armillum,
721 567 836 649 sinum,
863 567 1015 649 lanistae,
1038 571 1100 632 548
1123 569 1288 653 caltulam,

85 683 178 745 551.
203 699 368 760 murruna,
389 680 469 761 lora,
493 698 585 760 sapa,
601 698 744 760 passum,
766 678 942 746 moriolam.
981 678 1050 743 Lib.
1066 678 1119 745 ll:
1143 683 1193 745 23.
1215 700 1289 747 oon·

87 791 224 874 sulum,
255 793 306 856 56.
330 790 568 872 petauristael,
597 789 804 871 5666116111,
834 793 905 854 513.
933 809 1076 874 censere,
1100 794 1171 857 523.
1197 811 1289 857 sexa·

88 901 271 984 genarioS,
306 903 377 967 528.
407 900 580 982 pilumnus,
614 901 786 984 oaduoeuS,
821 904 892 965 529.
920 901 1082 983 faetiales,
1118 905 1189 967 532.
1213 922 1289 968 aere

90 1013 217 1079 diruti.
264 1013 334 1078 Lib.
357 1013 423 1078 Ill:
452 1016 503 1078 51.
527 1011 700 1095 legionum,
732 1015 782 1076 61.
807 1012 964 1095 optiones,
992 1015 1064 1078 520.
1088 1013 1287 1097 decuriones,

94 1128 179 1190 523.
195 1124 357 1206 faetiales,
382 1126 454 1189 535.
471 1122 685 1206 oodioariasP,
710 1126 781 1189 553.
798 1123 912 1189 rorari.
948 1123 1018 1189 Lib.
1036 1124 1104 1190 lV.:
1128 1127 1288 1206 666166-

93 1236 199 1319 fisse,
226 1238 296 1300 145.
320 1234 426 1317 nenia,
454 1239 520 1306 163.
545 1237 717 1317 palangae,
742 1240 813 1301 525.
837 1254 1082 1316 supervacuum.

194 1347 244 1412 De
266 1346 337 1413 rita
359 1347 469 1429 populi
493 1345 626 1413 Romani
659 1346 765 1413 libro
799 1347 923 1428 primo
959 1345 1093 1413 Verrius
1120 1367 1199 1413 usus
1222 1367 1287 1413 non

99 1463 169 1541 est,
193 1478 387 1541 quamquam
404 1479 475 1525 oum
498 1457 619 1539 glossis
635 1456 730 1523 Nonii
754 1459 795 1522 ad
817 1460 903 1523 huno
917 1458 1032 1523 librum
1049 1458 1286 1540 pertinentibus

100 1575 291 1652 congruunt
312 1572 394 1636 haee
416 1571 583 1635 lemmata:
620 1572 650 1647 1)
674 1566 755 1634 Non.
778 1572 829 1634 23.
853 1570 1072 1635 kalendorum.
1119 1569 1209 1638 Paul.
1234 1573 1286 1635 23.

93 1683 284 1766 protolare.
333 1681 464 1746 Verrius
488 1700 613 1761 quoque
636 1680 795 1745 kalendas
818 1680 977 1745 aGraeoo
993 1684 1093 1741 καλεῖν
1115 1682 1200 1761 petit
1221 1682 1286 1746 for-

102 1800 200 1860 tasse
224 1797 356 1859 auctore
374 1793 529 1872 Varrone,
554 1792 611 1856 sed
625 1790 709 1856 idem
724 1791 788 1856 hue
803 1791 905 1857 refert
920 1791 1123 1874 oalumniam
1146 1792 1287 1870 calones

106 1905 252 1986 caculas,
275 1905 448 1969 oalatores.
484 1903 545 1983 (cf.
571 1905 621 1967 31.
645 1902 818 1968 oalatores.
835 1903 1016 1968 Reitzenst.
1041 1906 1107 1982 34.)
1151 1908 1183 1978 2)
1206 1903 1286 1970 Non.

108 2020 158 2080 59.
183 2017 307 2082 accensi
328 2067 335 2080 .
361 2015 448 2080 Paul.
477 2018 524 2079 16.
550 2014 672 2080 areensi
706 2018 835 2095 spectat
858 2015 899 2079 ad
932 2014 1048 2080 librum
1079 2015 1132 2081 lll.
1156 2015 1288 2081 devita

106 2148 180 2210 pop.
207 2128 292 2193 Rom.
338 2128 370 2201 3)
396 2125 474 2192 Non.
493 2128 541 2191 53.
565 2125 700 2208 nefarii,
724 2144 789 2205 qua
804 2145 874 2191 oum
892 2128 1004 2208 glossa
1027 2128 1189 2210 oolraeret,
1206 2147 1288 2208 qrrae

107 2238 255 2320 sequitur
278 2238 423 2320 proxima
446 2240 605 2303 adoreum.
651 2236 699 2302 Cf.
730 2236 818 2302 Paul.
843 2240 871 2301 3.
897 2240 977 2303 ador
1005 2245 1040 2302 et
1061 2238 1287 2318 insequentem

108 2351 258 2416 adoriam
292 2351 426 2416 laudem.
472 2350 517 2414 At
547 2347 649 2413 Varro
683 2348 764 2413 ador
796 2349 885 2414 duoit
918 2352 960 2414 ab
990 2370 1057 2431 ora,
1092 2350 1223 2415 Paulus·
1245 2351 1287 2415 ab

107 2462 232 2526 edendo
266 2462 318 2526 vel
352 2460 526 2526 adurendo.
572 2458 716 2539 Denique
751 2458 847 2525 Nonii
881 2462 1121 2542 glossandi.
1151 2460 1286 2527 odorio

107 2572 220 2638 ordine
247 2571 344 2638 Gellii
370 2578 500 2653 spectat
526 2571 567 2635 ad
595 2571 634 2636 66
660 2590 696 2636 re
718 2571 845 2637 rustica
860 2576 889 2637 3.
907 2577 948 2652 4.,
968 2572 1023 2637 ubi
1043 2572 1106 2655 ‚far
1121 2570 1287 2638 66616616Ἰ
1347 2614 1349 2616 »

106 2684 238 2765 legitur.
285 2681 426 2749 4lNon.
456 2682 685 2748 6216661616.
738 2682 1021 2749 Ρ661.86.16666.
1067 2688 1100 2763 5)
1130 2682 1211 2749 Non.
1236 2687 1286 2748 61.

101 2795 272 2877 prolatori.
318 2793 742 2876 Ρ661.,124.61·6161611’661.
782 2797 813 2866 6)
839 2793 918 2859 Non.
937 2799 1007 2860 114.
1024 2795 1180 2879 februare
1196 2795 1286 2861 Paul.

106 2910 158 2971 64.
182 2905 391 2971 Februarius.
430 2905 476 2969 Cf.
501 2906 540 2969 66
562 2903 640 2985 ling.
663 2903 721 2968 lat.
747 2906 854 2986 613,
876 2905 931 2971 ulri
956 2905 1057 2970 Varro
1074 2907 1116 2970 ad
1139 2905 1288 2987 Antiqui·

106 3023 214 3081 tatum
237 3016 338 3082 libros
361 3020 527 3097 provocat,
550 3019 584 3079 et
607 3021 635 3078 6.
660 3017 711 3078 34.
752 3020 783 3089 1)
806 3014 887 3081 Non.
912 3020 983 3081 551.
1006 3040 1171 3082 ruurruua.
1197 3017 1287 3083 Paul.

110 3131 181 3192 100.
204 3128 364 3193 murrina.
402 3126 494 3193 Fest.
511 3126 567 3191 IX.
585 3127 613 3190 8.
631 3128 681 3190 22.
705 3135 862 3209 murrata,
886 3127 940 3191 ubi
963 3128 1065 3193 Varro
1089 3127 1286 3207 Antiquitat.

106 3239 128 3304 l.
153 3238 177 3304 l.
200 3239 362 3305 laudatur.
418 3241 450 3317 6)
474 3237 553 3304 Non.
578 3242 649 3303 541.
680 3238 819 3320 lanistae.
870 3238 960 3303 Paul.
991 3241 1040 3302 65.
1072 3238 1194 3321 lepisl.
1239 3239 1287 3303 Cf.
1375 3315 1378 3320 .

107 3350 148 3415 de
171 3348 250 3430 ling.
273 3350 331 3415 lat.
356 3355 384 3414 5.
410 3352 480 3415 123.
521 3355 553 3422 ll)
576 3348 656 3415 Non.
674 3352 745 3413 542.
769 3351 931 3416 36666646.
956 3350 1046 3415 Fest.
1065 3350 1148 3414 XIV.
1172 3352 1217 3413 13.
1234 3352 1286 3413 25.

106 3461 303 3526 suduculum.
353 3463 403 3535 10)
432 3458 512 3526 Nou.
542 3465 614 3525 546.
643 3461 766 3542 rumor.
817 3461 905 3527 Paul.
935 3464 996 3543 35,
1026 3464 1076 3525 50.
1131 3465 1182 3533 11)
1206 3459 1286 3526 Non.

108 3575 182 3637 541.
199 3573 371 3638 armillum.
412 3571 500 3636 Paul.
517 3576 547 3636 2.
565 3570 644 3637 Non.
663 3576 711 3635 14.
737 3608 777 3614 -
801 3571 924 3638 Rursus
940 3571 1042 3655 igitur
1057 3573 1118 3637 hoo
1133 3571 1287 3638 discimus

111 3683 288 3749 Varronem
311 3684 351 3748 66
383 3685 496 3750 eodem
522 3682 678 3750 vocabulo
713 3683 822 3747 faeere
849 3685 951 3749 verba
984 3685 1018 3749 in
1040 3682 1132 3748 libris
1155 3682 1195 3745 66
1217 3682 1288 3748 vita

108 3816 138 3877 p.
164 3796 199 3861 R.
223 3794 274 3860 vel
299 3796 338 3859 66
360 3794 439 3875 ling.
466 3795 523 3860 lat.
545 3796 600 3861 vel
633 3794 673 3858 de
700 3813 735 3858 re
758 3798 838 3860 rust.
869 3795 920 3861 vel
944 3795 1194 3874 Antiquitatum,
1224 3814 1288 3873 qua

108 3907 147 3974 de
171 3925 273 3972 eausa
297 3906 520 3986 quaestionem
550 3907 589 3970 de
614 3906 760 3971 Varrone
783 3913 915 3971 auotore
940 3904 1034 3971 Nonii
1057 3909 1091 3969 et
1116 3904 1221 3969 Verrii
1245 3906 1288 3969 ad

107 4018 203 4086 finem
227 4017 400 4098 perducere
422 4036 486 4081 non
508 4036 650 4098 possum.

197 4128 304 4193 Etiam
327 4127 360 4191 in
383 4128 510 4192 altero
532 4128 633 4193 libro
658 4129 697 4192 de
720 4128 791 4194 vita
807 4148 880 4210 pop.
904 4128 991 4193 Rom.
1008 4146 1061 4191 res
1076 4125 1287 4192 difficultates

106 4244 217 4308 habet.
264 4237 481 4303 Communiter
504 4238 586 4303 euim
614 4237 732 4304 Nouius
757 4246 791 4302 et
815 4240 933 4305 Festus
956 4243 1092 4304 narrant
1114 4239 1154 4302 de
1181 4242 1211 4310 1)
1234 4257 1287 4319 pe·
