2925 4909
938 663 941 678 ι

808 689 941 786 wit)

827 811 913 870 ,μ’

389 1100 718 1233 SENTENTIAE
746 1097 1168 1192 CONTROVERSAE.

229 1417 258 1486 1)
283 1412 450 1494 Odysseae
472 1431 602 1478 versum
626 1437 652 1475 o.
683 1413 755 1476 383.
779 1411 843 1476 nisi
867 1431 938 1476 oum
965 1407 1164 1474 Kirohhoffio
1198 1427 1238 1473 ex
1276 1423 1381 1488 prava
1437 1455 1438 1504 t

277 1522 460 1588 imitatione
493 1542 608 1589 versus
642 1547 671 1605 p.
696 1525 769 1588 250.
793 1527 905 1588 natum
945 1541 1017 1587 esse
1050 1520 1189 1601 iudicas,
1228 1534 1380 1600 propono

277 1633 462 1700 lectionem:
487 1636 505 1694 ὅ
527 1635 581 1716 θήν
603 1636 641 1694 κέ
663 1658 707 1693 τοι
730 1634 815 1705 ἄξιον
838 1633 938 1714 ἄλφοι,
1437 1631 1438 1702 i

226 1764 259 1840 2)
282 1763 317 1827 In
342 1761 469 1827 Horatii
492 1763 751 1829 oarm.I.9.16.
769 1784 853 1845 puer
875 1780 947 1826 eum
970 1760 1004 1824 L.
1022 1759 1175 1825 Muellero
1198 1779 1257 1841 pro
1283 1775 1379 1824 voea-
1437 1731 1438 1826 t

279 1872 347 1939 tivo
371 1874 537 1940 habendus
561 1878 619 1940 est.
655 1874 849 1956 Appellatur
866 1870 1077 1937 Thaliamhus
1100 1890 1248 1937 servus.
1290 1868 1339 1935 Of.
1355 1866 1376 1931 1.
1437 1889 1438 1946 t

280 1985 330 2049 37.
358 1988 383 2048 l.
407 1990 441 2049 et
464 1988 493 2050 6.

1437 2023 1438 2070 t

228 2114 258 2184 3)
281 2111 409 2178 Horatii
443 2133 539 2179 earm.
563 2114 601 2180 H.
626 2117 677 2180 20.
698 2133 829 2180 versum
854 2116 903 2179 13.
926 2114 1099 2195 legendum
1133 2132 1207 2179 esse
1241 2127 1374 2177 censeo:

281 2225 354 2308 ‚iam
380 2224 621 2305 Daedaleoque
644 2225 732 2292 otior
754 2223 874 2290 Jearo'.

227 2356 259 2426 4)
284 2352 319 2418 In
354 2352 478 2418 Horatii
502 2373 550 2435 ep.
566 2353 640 2419 libri
663 2353 686 2419 Ι.
706 2374 754 2435 ep.
774 2356 802 2420 7.
818 2374 848 2420 v.
865 2357 916 2420 24.
942 2374 1023 2418 sana
1042 2353 1208 2419 sententia
1236 2350 1375 2418 efficitur
1437 2379 1438 2396 .

280 2464 455 2546 scriptura:
483 2466 622 2531 merenti.
658 2466 705 2531 uf.
729 2485 859 2532 versum
883 2464 935 2530 tit.
962 2465 1056 2530 Mum.
1081 2464 1158 2531 QJ.
1173 2466 1209 2530 L.
1233 2465 1257 2529 Ι.
1280 2464 1370 2529 542.;

246 2673 249 2678 ‚
282 2595 414 2658 ,proque
435 2577 496 2641 hoo
518 2582 617 2656 atque
640 2576 734 2641 alieis
758 2575 871 2642 doneis
895 2578 952 2641 des
974 2575 1074 2657 digna
1097 2573 1255 2641 merenti.
1437 2581 1438 2660 )

229 2707 260 2783 5)
284 2705 319 2770 in
342 2703 486 2770 Lucretii
508 2704 584 2770 libri
605 2704 657 2769 III.
671 2724 701 2771 v.
715 2709 788 2769 917.
813 2704 938 2770 tradita
959 2705 1056 2770 leotio
1085 2712 1186 2770 torret
1206 2699 1373 2769 retinenda

281 2822 342 2882 est.
388 2815 434 2881 uf.
461 2814 575 2897 Virgil.
600 2817 679 2881 Aen.
704 2820 733 2881 2.
759 2818 830 2881 565.
1437 2811 1438 2826 ’

229 2947 261 3024 6)
285 2944 417 3009 Terenti
439 2944 581 3010 Andriae
604 2965 635 3011 v.
658 2949 732 3011 414.
758 2944 916 3028 genuinus
940 2949 1001 3010 est.
1048 2945 1226 3011 Venientem
1250 2943 1373 3026 spectat

281 3057 323 3121 ad
346 3055 515 3138 Simonem,
538 3057 644 3139 ipsum
667 3058 708 3123 ad
731 3056 942 3137 Pamphilum.

229 3187 260 3259 7)
286 3186 392 3250 Potest
413 3184 591 3265 pyrrhichii
615 3205 802 3251 mensuram
824 3187 924 3250 habet
947 3185 979 3249 in
1003 3184 1151 3252 versibus
1174 3180 1370 3251 Terentianis
1437 3181 1438 3246 t

280 3295 400 3361 iniuria
424 3296 597 3377 temptatis
620 3295 750 3362 Phorm.
776 3298 847 3361 337.
871 3297 947 3362 Heu.
971 3299 1043 3360 479.
1067 3296 1159 3362 Adel.
1183 3300 1255 3363 264.
1437 3277 1438 3286 ¹

228 3428 260 3502 8)
283 3423 319 3489 In
342 3423 473 3489 Terenti
491 3425 570 3490 And.
584 3445 685 3491 versu
697 3428 770 3491 236.
780 3425 916 3507 postilio
929 3425 1123 3491 servandum
1138 3444 1212 3491 esse
1227 3424 1370 3491 existimo
1437 3425 1438 3446 ¹

281 3535 516 3613 (of.Eun.127.
534 3536 633 3602 Hean.
651 3539 750 3619 447),
773 3543 811 3603 ut
825 3556 941 3603 versus
965 3536 1179 3617 transpositis
1202 3536 1310 3604 verbis
1331 3538 1371 3600 est
1437 3537 1438 3602 .

279 3647 396 3713 ueritus
426 3646 473 3712 sie
502 3648 673 3729 procedat:
704 3652 784 3730 ,tum
814 3647 903 3712 illam
933 3647 1113 3728 relinquere
1142 3648 1195 3712 hie
1225 3645 1369 3713 veritus
1437 3631 1438 3634 ¹

280 3761 355 3823 est.
378 3758 546 3839 postilla
568 3761 654 3825 nuno
677 3758 813 3840 primum
838 3755 953 3824 audio?
1006 3799 1009 3804 -

227 3889 260 3966 9)
283 3886 413 3953 Terenti
435 3884 564 3952 Phorm.
591 3907 622 3955 v.
651 3890 724 3952 356.
748 3907 769 3952 a
791 3886 938 3953 Bentleio
961 3885 1081 3952 iniuria
1104 3888 1137 3953 in
1161 3886 1368 3970 suspicionem

280 4002 418 4065 vocatus
442 4003 504 4064 est.
550 3999 599 4064 uf.
624 4000 696 4064 387.

211 4130 260 4204 10)
284 4127 409 4193 Phorm.
423 4147 452 4193 v.
470 4131 541 4193 507.
554 4147 618 4193 non
638 4125 767 4207 spurius
784 4125 1007 4192 aestimandus
1031 4130 1093 4208 est,
1117 4146 1188 4193 oum
1206 4126 1367 4194 Terentius

281 4241 391 4305 vertat
412 4239 616 4322 proverbium
640 4256 793 4319 graecum
817 4259 837 4303 a
860 4237 986 4304 Donato
1010 4238 1155 4303 aliatum.
