2925 4909
662 275 871 337 „20-

180 458 318 530 Nonium=
339 460 463 526 duobus
486 459 725 526 commentariis
748 480 841 526 usum
864 479 939 526 esse
954 463 1092 541 statuat,
1116 481 1251 541 quorum
1272 461 1366 526 alter

180 592 222 637 ex
246 570 360 636 Verrio
384 571 468 636 alter
491 590 531 636 ex
553 570 699 636 Varrone
721 571 913 637 manaverit.
958 570 1128 637 Sciendum
1150 577 1202 638 est
1225 571 1365 638 enimin

179 681 275 749 Nonii
304 681 386 749 libro
421 683 501 749 druos
525 700 693 748 occurrere
727 681 858 748 ordines
894 682 1071 764 Plautinos
1106 703 1240 764 quorum
1272 684 1366 749 alter

179 815 294 862 versus
327 792 536 878 plurimarum
571 792 846 859 Varronianarum
880 814 964 874 quae
997 793 1148 860 dicuntur
1176 793 1365 860 fabularum

179 908 332 989 continet,
348 906 433 976 alter
447 910 515 970 tres
529 905 638 972 modo:
663 902 927 985 Amphitruonem
944 904 1128 971 Asinariam
1145 905 1365 972 Aululariam.

179 1016 272 1084 Prior
294 1018 371 1083 ordo
395 1014 602 1098 amplectitur
624 1015 755 1096 glossas
778 1017 820 1080 ab
842 1036 872 1097 p.
897 1018 926 1080 3.
950 1017 1169 1082 hostimentum
1191 1036 1294 1098 usque
1317 1017 1366 1081 ad

178 1150 208 1211 p.
224 1132 272 1194 13.
295 1129 471 1212 snppiiore,
495 1125 657 1208 posterior
672 1126 802 1208 glossas
825 1148 855 1208 p.
872 1128 1051 1193 43.eernus
1066 1148 1169 1208 usque
1192 1128 1233 1193 ad
1257 1149 1288 1210 p.
1306 1132 1363 1192 45.
1445 1161 1446 1164 π

177 1242 318 1306 investes.
354 1240 417 1306 Sed
439 1259 510 1305 cum
532 1237 565 1303 in
587 1237 680 1302 libris
704 1237 813 1303 11—V.
837 1237 927 1303 tituli
949 1258 1008 1319 per
1029 1240 1160 1304 litteras
1183 1238 1250 1305 sint
1273 1238 1363 1306 ordi·

178 1351 259 1433 nati,
287 1350 423 1433 primum
451 1350 583 1415 difficile
611 1353 663 1414 est
685 1349 725 1414 dc
749 1368 941 1430 unaquaque
966 1350 1079 1431 glossa
1101 1370 1142 1415 ex
1164 1349 1271 1417 tribus
1292 1349 1364 1417 illis
1445 1353 1446 1386 ³

179 1461 353 1528 comoediis
378 1464 508 1543 sumpta
531 1459 724 1541 discernere,
759 1460 825 1526 utri
848 1460 1078 1527 commentario
1107 1461 1280 1527 tribuenda
1305 1460 1363 1527 sit.
1445 1493 1446 1548 f

181 1574 312 1654 Deinde,
336 1572 420 1653 quod
443 1570 671 1653 gravissimum
695 1577 758 1652 est,
779 1570 821 1636 in
845 1569 950 1637 Verrii
974 1572 1110 1638 alterius
1133 1572 1240 1654 partis
1264 1572 1363 1639 Plau·
1445 1557 1446 1646 i

177 1684 257 1750 tinis
291 1683 413 1766 glossis
448 1681 599 1748 diversae
632 1686 746 1764 partes
776 1681 983 1748 -fortasse
1016 1683 1120 1766 igitur
1154 1703 1194 1748 ex
1216 1683 1362 1750 diversis

177 1794 322 1860 fontibus
346 1793 472 1875 petitae
495 1829 533 1838 -
558 1792 705 1875 dignosci
727 1798 878 1876 possunt,
901 1813 1037 1873 quarum
1061 1794 1161 1860 tertia
1183 1794 1229 1872 (in
1244 1794 1364 1860 littera

180 1906 204 1971 d
227 1905 368 1986 quidem)
384 1905 561 1987 permultas
578 1922 617 1968 ex
632 1903 705 1969 aliis
728 1908 827 1985 atque
842 1903 1053 1971 Varronianis
1071 1905 1244 1972 comoediis
1259 1907 1364 1971 habet

178 2018 308 2099 glossas
325 2015 518 2095 (Reitzenst.
535 2036 565 2097 p.
583 2017 647 2092 60).
685 2015 726 2081 Et
750 2013 871 2081 Nonius
894 2014 966 2097 ipse
989 2035 1029 2081 ex
1044 2015 1166 2082 talibus
1183 2015 1362 2082 comoediis

177 2130 281 2193 multa
303 2128 489 2209 fragmenta
513 2126 668 2208 servavit,
691 2132 728 2193 nt
751 2146 855 2207 neque
877 2128 917 2192 de
942 2127 1056 2193 Verrio
1072 2147 1176 2208 neque
1198 2130 1238 2193 de
1254 2125 1361 2193 Nonio

176 2260 235 2321 pro
252 2245 341 2305 certo
357 2238 428 2320 quis
446 2238 608 2303 affirmare
623 2237 739 2321 possit,
755 2243 834 2319 quot
850 2239 1099 2304 commentarios
1115 2239 1360 2321 usurpaverint.

176 2351 290 2431 ltaque
323 2353 403 2415 hace
425 2350 510 2415 ratio
544 2349 704 2415 mittenda
727 2354 790 2415 est.
837 2349 932 2415 Mihi
960 2370 1005 2414 ea
1032 2348 1099 2416 via
1127 2349 1360 2415 certissima

177 2462 266 2529 visa
288 2468 365 2541 est,
389 2483 486 2544 quae
508 2464 555 2528 ab
578 2461 771 2544 exemplis
794 2463 893 2544 apud
923 2460 1084 2528 Nonium
1114 2468 1154 2527 et
1177 2461 1359 2527 Verrium

177 2579 245 2639 aut
266 2575 365 2656 apud
389 2574 548 2641 Nonium
573 2576 691 2641 solum
714 2572 892 2639 laudatis
915 2572 1200 2654 proficiscitur.

263 2687 325 2752 Sed
348 2686 537 2768 priusquam
567 2687 608 2751 ad
632 2686 762 2767 glossas
790 2684 880 2766 ipsas
904 2685 1139 2766 comparandas
1162 2684 1354 2766 accedimus,

176 2796 442 2864 necessarium
466 2803 528 2864 est
551 2797 716 2878 afferre,
745 2815 840 2876 quas
864 2794 942 2862 viri
969 2797 1076 2862 docti
1099 2797 1143 2860 de
1166 2796 1353 2863 versibus

176 2907 380 2974 Plautinis
414 2928 622 2990 eorumque
656 2907 837 2973 fontibus
866 2907 1094 2973 sententias
1123 2908 1353 2974 statuerint.

175 3018 315 3085 Primum
343 3022 427 3101 qurod
455 3022 495 3087 ad
526 3020 671 3085 Verrium
697 3018 827 3100 attinet,
861 3019 1106 3085 Ritschelius
1139 3018 1172 3083 in
1201 3019 1351 3100 Parergis

175 3131 198 3196 l.
223 3135 294 3196 149.
317 3152 380 3198 non
404 3132 543 3215 dubitat,
567 3130 643 3213 quin
660 3130 795 3196 Verrius
810 3130 844 3195 in
864 3131 1015 3196 versibus
1031 3129 1212 3196 excitandis
1229 3130 1351 3196 fabulas

176 3242 397 3309 Varronianus
420 3242 511 3325 ipsas
535 3241 661 3308 adierit.
713 3239 952 3322 Leidolplrus
980 3260 1105 3322 quoque
1129 3241 1197 3321 (De
1218 3242 1305 3308 Festi
1324 3249 1352 3308 et

177 3355 279 3420 Pnrel'
295 3355 371 3420 loeis
389 3354 557 3420 Plautinis
579 3353 610 3417 in
635 3356 804 3418 ‹ronrment
829 3352 906 3434 phil.
923 3352 1054 3418 Jenens.
1079 3352 1116 3417 ll.
1135 3356 1206 3416 199.
1224 3351 1349 3434 Lipsiae

178 3468 271 3544 1883)
294 3486 325 3547 p.
350 3468 421 3529 204.
462 3464 607 3529 Verrium
623 3465 750 3530 codices
773 3464 864 3545 ipsos
886 3463 1070 3545 inspexisse
1093 3468 1186 3528 ratus
1210 3469 1272 3544 est,
1295 3465 1347 3528 sed

174 3576 350 3642 verisimile
373 3595 448 3641 esse
471 3576 605 3641 eundem
629 3575 913 3656 grammaticorum
937 3573 1048 3655 copias
1071 3595 1134 3639 non
1158 3574 1346 3657 neglexisse,

174 3687 207 3751 id
229 3689 313 3767 quod
328 3688 514 3753 necessario
530 3686 604 3752 inde
620 3687 791 3767 efficiatur,
816 3687 900 3766 quod
917 3687 1018 3751 eidem
1034 3705 1150 3752 versus
1167 3685 1199 3750 in
1215 3685 1345 3752 diversis

174 3798 295 3879 glossis
323 3798 483 3863 diversam
512 3800 691 3880 praebeant
722 3797 941 3862 recensionem
964 3802 1008 3877 (p.
1033 3800 1182 3876 ‘eoi-7).
1233 3795 1345 3863 Novum

176 3908 281 3974 Verrii
303 3929 453 3975 versuum
470 3910 695 3975 Plautinorurn
718 3908 841 3974 fontem
864 3908 989 3975 invenit
1013 3907 1344 3975 Reitzensteinius

174 4041 204 4102 p.
219 4023 281 4102 63,
305 4020 356 4086 cui
379 4020 515 4087 alterius
532 4019 637 4103 partis
661 4020 793 4101 glossae
812 4019 992 4102 Plautinae,
1016 4039 1086 4085 cum
1110 4021 1220 4085 eodem
1243 4019 1343 4084 ordine

175 4151 210 4197 se
233 4131 396 4213 excipiant
419 4153 481 4213 otro
504 4132 538 4197 in
561 4130 681 4196 tabulis
704 4130 797 4211 ipsis,
821 4151 861 4194 ex
876 4129 1115 4196 commentariis
1139 4130 1263 4211 notitae
1277 4150 1343 4196 esse

173 4242 333 4310 videntur.
371 4280 408 4288 -
447 4243 622 4309 Videamus
649 4244 688 4307 de
718 4241 833 4307 Nouio!
880 4242 1084 4323 deprimam
1109 4242 1341 4308 Schmidtius
