2925 4909
588 283 800 345 ..45-

102 468 266 550 (Lucili,
291 470 340 532 43.
353 471 530 549 paupertas
554 466 644 540 (Ver.
658 467 687 532 d.
701 487 731 534 v.
746 488 776 548 p.
790 468 849 549 ill,
874 470 923 532 53.
936 468 1051 534 faenus
1076 469 1164 543 (Var.
1179 469 1285 552 Geli),

103 579 325 646 6011101111οε
342 579 446 661 (Gis),
470 581 520 643 66.
539 579 694 644 excordes
716 578 816 657 (Cio).
833 616 874 623 —
889 579 1044 647 Glossis
1068 599 1115 645 ex
1137 580 1237 647 libro
1260 581 1284 646 l.

102 693 151 758 de
165 711 206 758 re
222 690 378 757 rustica
392 688 535 771 petitis
552 689 702 755 similes
719 694 812 755 sunt
827 692 1042 757 nonnullae
1056 692 1285 758 Verrianae:

105 807 140 884 1)
164 802 247 869 Non.
284 806 335 866 61.
368 801 522 867 heredioli
555 801 789 883 proprietatem
823 801 946 867 indicat
979 801 1018 868 V.
1047 804 1077 869 d.
1105 826 1129 869 r.
1152 825 1177 868 r.
1200 804 1221 868 1.
1245 804 1287 870 I.:

102 917 193 998 ,bina
215 914 341 996 iugera,
366 913 459 994 quod.
473 932 492 977 a
505 912 640 980 Romulo
667 912 803 995 primum
819 912 925 979 divisa
940 913 1073 996 viritim,
1096 935 1179 996 quae
1202 917 1286 997 qnod

100 1026 257 1093 heredem
281 1027 493 1105 sequerentur
520 1024 714 1089 herediolum
736 1021 967 1106 appellarunt.
1013 1025 1102 1092 Paul.
1127 1030 1175 1091 74.
1200 1028 1288 1093 heres

100 1139 192 1220 apud
215 1136 368 1218 antiquos
395 1155 453 1217 pro
477 1134 603 1201 domino
626 1137 834 1218 ponebatur,
864 1138 913 1202 74.
937 1138 1099 1203 heredium
1121 1138 1285 1219 praedium

100 1249 284 1333 paruolum.
309 1283 350 1293 -
374 1246 466 1313 Pauli
488 1249 603 1312 ambae
618 1247 751 1328 glossae
767 1247 919 1330 deinceps
935 1247 1074 1331 positae,
1097 1268 1159 1329 quo
1176 1249 1287 1315 ordine

99 1361 265 1429 voeabula
297 1359 330 1424 in
362 1359 433 1425 1000
453 1378 481 1423 a
510 1356 612 1424 Nonio
646 1357 749 1426 eitato
785 1359 927 1437 (01.1.
955 1366 981 1426 1.
1007 1363 1070 1439 10.)
1104 1365 1287 1443 ooeurrunt,

101 1473 250 1541 eiusdem
277 1469 379 1537 fontis
407 1489 482 1535 esse
509 1469 669 1536 videntur.
721 1469 816 1537 Nonii
850 1476 957 1537 antem
991 1472 1108 1537 lemma
1135 1472 1288 1538 heredioli

100 1585 138 1651 in
163 1582 322 1650 Varronis
343 1583 415 1649 1000
442 1583 544 1647 allato
572 1601 636 1647 non
664 1581 794 1663 legitur.
839 1580 1051 1661 alderti.
1074 1605 1194 1666 pereae
1215 1582 1288 1665 agri

103 1716 203 1778 quam
242 1693 377 1760 dicimus
417 1693 668 1775 significantiam
709 1693 811 1759 Varro
851 1694 1005 1777 designat
1044 1695 1074 1760 d.
1103 1715 1127 1759 r.
1152 1715 1177 1759 r.
1201 1694 1222 1760 l.
1246 1694 1286 1760 l.:

104 1828 202 1889 ,qna
218 1860 224 1872 .
240 1860 246 1872 .
264 1807 373 1872 sulcus
397 1811 542 1872 vocatur:
567 1805 665 1886 qnod
688 1809 751 1869 est
774 1804 883 1870 inter
905 1806 1001 1872 diros
1025 1807 1160 1873 suleos
1182 1807 1288 1872 elata

104 1923 228 2000 terra,
262 1916 408 1983 dieitur
436 1935 571 1998 porea,
606 1915 690 1997 quod
717 1934 757 1980 ea
785 1934 879 1998 seges
908 1916 1107 1984 trumentum
1129 1915 1287 1999 porricit'

106 2029 226 2095 deeius
243 2028 454 2110 Parergorum
469 2027 524 2092 lib.
548 2027 570 2093 l.
585 2079 591 2092 .
606 2077 612 2090 .
628 2079 635 2092 .
660 2026 782 2092 Pareae
806 2032 883 2093 sunt
899 2027 995 2110 signa
1011 2028 1181 2112 sulcorum,
1205 2048 1288 2110 quae

105 2142 197 2207 ultra
213 2139 327 2206 seiani
343 2138 466 2204 semina
481 2138 690 2220 prohibeant,
714 2159 847 2221 poreere
863 2139 946 2205 enim
970 2139 1142 2221 prohibere
1157 2140 1288 2222 saepius

104 2253 255 2334 legimus
301 2250 390 2317 Vest.
414 2249 484 2315 llll.
509 2252 539 2314 8.
565 2253 592 2314 7.
610 2272 744 2333 pereas,
778 2270 875 2332 quae
902 2251 1010 2317 inter
1037 2252 1131 2317 duos
1156 2253 1289 2318 sulcos

105 2365 229 2446 finnt,
253 2363 299 2428 ait
318 2363 421 2427 Varro
437 2362 511 2443 diei,
535 2354 619 2442 quod
634 2363 805 2444 porrigant
820 2363 1015 2429 frumentum
1032 2362 1153 2440 (Muell.
1177 2364 1289 2446 ,porri-

106 2472 223 2548 eiant'‚
239 2474 327 2540 Paul.
352 2470 574 2554 ‚porrigant'u
620 2473 709 2540 Paul.
734 2477 785 2540 80.
811 2476 1000 2556 [mporeitor
1025 2472 1078 2555 qui
1112 2493 1228 2556 porcas
1255 2474 1289 2540 in

106 2608 189 2669 agro
224 2585 305 2650 facit
331 2586 462 2650 arando.
509 2584 632 2650 Porea
659 2590 787 2651 antem
815 2591 877 2652 est
905 2585 1016 2652 inter
1038 2586 1134 2652 dnos
1158 2586 1289 2652 suleos

105 2704 222 2765 terra
244 2697 426 2763 eminens.
450 2733 492 2741 -
515 2695 682 2762 Nouianae
704 2697 835 2778 glossae
850 2697 954 2762 altera
969 2716 1057 2780 pare,
1080 2716 1162 2778 quae
1178 2695 1291 2779 insipit

106 2814 149 2876 ab
181 2808 294 2891 Aeoio,
327 2808 383 2874 alii
416 2807 500 2873 fonti
534 2809 670 2874 debetur
697 2809 747 2884 (L.
772 2809 948 2874 Muellerus
977 2807 1093 2874 ultima
1121 2810 1222 2874 verba
1249 2810 1290 2874 ab

106 2921 345 3003 interpolatore
367 2918 478 2985 addita
501 2939 574 2985 esse
598 2924 721 2985 censet.
761 2920 880 2986 Sedes.
901 2922 1108 3002 temporem,
1134 2919 1221 2985 Paul.
1243 2921 1290 2984 14.

107 3053 236 3115 arcere,
272 3031 495 3097 10001114.
522 3033 570 3096 16.
595 3038 753 3113 porcae),
787 3051 865 3113 pars
901 3032 989 3113 prior
1014 3030 1108 3095 fiuxit
1131 3050 1171 3095 ex
1193 3015 1233 3095 de
1255 3051 1291 3095 re

107 3143 236 3211 rustica
261 3147 287 3208 1.
305 3146 355 3209 11).
393 3144 569 3209 Verrianas
592 3143 722 3224 glossas
740 3165 859 3225 pereas
881 3125 915 3206 et
930 3143 1120 3224 Imporeitor
1139 3141 1291 3207 Reitzen-

109 3255 250 3323 steiuius
274 3257 324 3319 33.
341 3255 414 3319 adn.
439 3255 480 3319 ad
503 3255 636 3319 eandem
661 3253 828 3336 originem,
850 3255 881 3319 h.
899 3274 926 3319 0.
944 3255 984 3318 ad
1008 3252 1163 3318 Varronis
1187 3254 1289 3319 locum

109 3367 285 3449 quendam,
319 3386 381 3447 quo
404 3367 444 3431 de
467 3366 526 3430 deo
551 3364 757 3447 lmporoitore
780 3367 956 3447 agebatur,
983 3356 1138 3432 revocare
1168 3365 1290 3445 studet,

109 3498 181 3544 oum
208 3476 355 3543 Verrium
388 3476 504 3543 librum
539 3477 578 3542 de
610 3495 646 3541 re
673 3477 796 3542 rustica
828 3475 1013 3557 inspexisse
1039 3496 1102 3541 11011
1132 3475 1177 3540 sit
1206 3474 1291 3541 veri·

109 3588 226 3657 simile.
273 3588 318 3652 At
351 3589 463 3655 mirum
492 3588 620 3655 videtur
654 3585 760 3669 ipsum
791 3588 967 3653 Varronem
1001 3586 1242 3668 [mporeitorem
1271 3607 1291 3651 a

109 3720 211 3784 porea
232 3704 398 3781 petentem
421 3699 595 3780 addidisse,
619 3698 696 3779 quid
719 3700 847 3765 taudem
873 3699 918 3764 sit
941 3718 1049 3781 porea.
1094 3698 1167 3763 Mea
1190 3696 1291 3777 igitur

111 3810 279 3878 sententia
304 3811 451 3893 Verrius,
485 3830 547 3875 11011
571 3809 690 3894 Varro,
719 3811 751 3876 in
776 3812 887 3893 glossa
911 3811 1099 3892 imperaror
1126 3811 1165 3874 de
1192 3827 1292 3890 porea

109 3922 245 4005 addidit,
270 3923 351 4002 quod
377 3922 440 3987 alio
455 3922 525 3988 1000
542 3921 698 3988 Varronis
721 3941 742 3987 a
765 3941 801 3987 se
823 3921 855 3987 in
880 3923 993 4002 glossa
1010 3942 1130 4003 porcos
1145 3918 1290 3984 adhibito

109 4036 293 4102 invenerat.
328 4033 525 4114 Quamquam
546 4034 609 4099 hoe
631 4032 662 4097 iu
687 4035 874 4100 universnm
890 4032 1029 4098 00000110
1046 4030 1193 4097 Verrium
1209 4030 1291 4095 libro

108 4150 148 4215 de
164 4167 200 4212 re
217 4144 342 4211 rustica
359 4143 513 4211 Varronis
530 4165 591 4209 non
609 4144 712 4210 fuisse
735 4165 838 4226 usum,
861 4148 970 4208 tamen
993 4143 1045 4210 vir
1068 4141 1291 4222 doctissimus

107 4261 257 4328 fortasse
290 4275 360 4320 011111
389 4256 428 4320 de
452 4254 672 4337 Imporeitoris
703 4253 902 4339 etymologia
931 4254 1107 4336 cogitaret,
1142 4253 1291 4319 evolvere
