2925 4909
657 276 867 337 ,pp-

174 460 246 524 nat.
271 457 452 542 explorare.
491 462 524 537 3)
547 460 635 528 Paul.
661 464 710 527 65.
734 463 836 544 factio
859 467 893 527 et
915 462 1074 528 factiosus
1097 462 1190 528 initio
1213 465 1369 530 honesta

173 572 332 637 vocabula
355 576 464 654 erant,
497 574 581 637 unde
615 574 719 639 adhuc
752 573 913 640 factiones
942 573 1135 640 histrionum
1163 579 1197 639 et
1225 574 1368 655 quadri·

174 681 338 763 garicrum
360 682 519 750 dicuutur.
560 684 654 749 Mede
670 689 780 750 autem
795 685 923 751 nomine
946 685 1099 751 factionis
1121 684 1182 751 itic
1205 691 1241 751 et
1263 706 1366 751 arma

173 800 341 861 vocantur.
382 795 429 861 uf.
454 793 534 861 Non.
559 797 630 860 304.
655 795 765 861 factio.
809 800 843 866 4)
869 797 956 863 Paul.
978 799 1031 860 72.
1053 797 1204 881 pressuri
1226 796 1366 879 antiqui

175 907 339 987 ponebant
362 927 420 988 pre
444 906 580 973 adulari.
626 907 780 973 Grassari
807 913 917 973 autem
939 908 1091 974 dicuntur
1112 908 1259 974 latrones
1281 908 1365 974 vias

175 1017 495 1099 obsidentes;‚gradi
522 1018 679 1100 siquidem
706 999 872 1085 ambulare
899 1025 961 1102 est,
985 1020 1069 1085 uude
1092 1023 1233 1085 tractum
1261 1038 1365 1101 gras·

175 1128 256 1210 sari,
289 1129 442 1196 videlicet
470 1131 511 1193 ab
539 1129 662 1211 impetu
690 1128 868 1211 gradiendi.
920 1130 965 1197 cf.
991 1130 1070 1196 Non.
1096 1133 1167 1195 315.
1197 1130 1361 1212 grassari.

174 1242 206 1318 5)
229 1240 317 1306 Paul.
343 1243 394 1306 tt.
417 1240 523 1307 iubere
545 1242 726 1322 ponebatur
749 1261 807 1322 pro
831 1240 948 1324 dicere,
972 1243 1056 1323 quud
1078 1243 1168 1308 valet
1189 1241 1363 1307 interdum

173 1371 230 1433 prc
253 1353 435 1433 decernere,
458 1356 510 1417 ut:
535 1353 686 1435 ,populus
702 1350 824 1418 iussit'.
866 1353 908 1419 Cf
933 1351 1012 1419 Ncn.
1030 1355 1101 1417 324.
1137 1356 1169 1428 6)
1193 1353 1284 1418 Paul.
1303 1354 1361 1417 93.

134 1451 135 1454 ¹
173 1485 292 1528 meum
325 1462 452 1544 antiqui
485 1463 637 1530 dicebant
672 1464 775 1529 sclum
792 1516 799 1529 .
818 1515 851 1530 ..
886 1469 922 1529 at
961 1484 1046 1530 nunc
1083 1483 1205 1530 merum
1240 1484 1363 1546 purum

173 1574 385 1655 appellamus.
422 1575 468 1641 uf.
486 1574 566 1641 Non.
584 1578 655 1640 344.
669 1594 792 1640 merum
814 1603 847 1626 =
871 1576 983 1658 sulum,
1007 1575 1176 1641 sincerum.
1213 1579 1244 1649 t)
1260 1575 1359 1641 Fest.

173 1685 227 1751 lll.
244 1689 294 1749 24.
312 1687 515 1752 iterabilem
538 1685 665 1768 antiqui
687 1707 745 1768 prc
768 1691 846 1753 neto
870 1689 1076 1769 ponebant..
1115 1687 1162 1753 cf.
1180 1685 1262 1753 Non.
1279 1690 1358 1753 351.

173 1796 280 1862 nubile
302 1796 348 1877 (in
373 1797 461 1862 Accii
485 1797 648 1864 Diomedis
671 1818 770 1865 versu
792 1800 885 1864 ambe
909 1803 1113 1880 congruunt).
1149 1802 1182 1872 8)
1206 1800 1297 1865 Fest.
1313 1801 1357 1866 X.

179 1913 225 1973 16.
249 1912 301 1975 23.
326 1932 418 1976 crure
439 1909 590 1991 antiquus
615 1908 738 1974 dixisse
772 1930 830 1991 pre
865 1928 964 1991 agere
988 1908 1174 1976 testimonio
1209 1917 1286 1978 suut
1320 1916 1360 1977 et

174 2026 322 2088 crateres
341 2071 347 2083 .
368 2070 399 2087 ..
445 2021 491 2087 ef.
515 2020 594 2086 Nun.
624 2023 696 2086 360.
722 2040 824 2085 crare.
849 2020 931 2086 Fest
964 2021 1018 2086 IX.
1044 2023 1094 2084 31.
1121 2024 1169 2084 29.
1196 2027 1355 2088 crateres.

175 2135 207 2210 9)
232 2131 320 2198 Paul.
340 2135 409 2199 143.
425 2133 588 2215 supplicia
604 2137 734 2199 veteres
758 2132 914 2212 quaedam
931 2131 1090 2197 sacrificia
1105 2152 1125 2197 a
1141 2132 1356 2215 supplicando

175 2245 346 2309 vocabant.
382 2245 430 2310 uf.
447 2244 537 2309 Pest.
550 2244 636 2309 XIV.
652 2246 734 2309 14.6
759 2240 839 2307 Ncn.
858 2244 929 2307 398.
953 2242 1152 2325 supplicium.
1189 2247 1242 2321 10)
1263 2243 1355 2310 Fest.

174 2353 245 2419 XV.
264 2339 306 2420 15'
324 2358 343 2420 3
370 2357 501 2439 sipanre
515 2375 600 2421 nunc
614 2354 678 2420 iam
694 2353 812 2420 dicitnr
828 2353 931 2435 signis
946 2360 1062 2419 notare
1076 2358 1114 2420 ut
1128 2354 1162 2420 in
1179 2355 1353 2437 pecoribus

174 2467 222 2531 fit.
247 2467 305 2531 sed
326 2466 453 2547 antiqui
471 2486 518 2531 cc
549 2486 606 2547 prc
641 2463 783 2530 scribere
805 2466 1057 2543 utebantur...
1104 2465 1150 2531 Cf.
1175 2463 1254 2533 Ncn.
1278 2470 1353 2531 405.

175 2577 315 2658 signare.
368 2581 420 2656 ll)
445 2577 523 2643 Paul
560 2580 631 2641 155.
661 2584 870 2658 tempestatem
888 2596 961 2657 pro
996 2582 1142 2660 tempere
1168 2578 1356 2659 frequenter

175 2688 326 2754 dixerunt
349 2687 484 2769 antiqui.
529 2688 571 2754 uf
602 2686 681 2753 Nun.
706 2690 779 2751 407.
803 2692 990 2769 tempestas.

265 2800 360 2864 Pcrro
374 2800 472 2865 affero
489 2801 665 2881 glossas²
679 2798 1022 2879 quaerarietatem
1035 2798 1354 2881 significationis

174 2911 399 2978 luculenter
420 2911 649 2993 illustrant,
673 2929 808 2990 quarum
837 2910 918 2975 duas
941 2912 1069 2992 repperi
1092 2912 1152 2977 hcc
1174 2910 1237 2977 iam
1261 2909 1353 2977 initio

173 3022 371 3088 indicantes:
397 3024 484 3089 Paul.
512 3025 563 3088 33.
589 3029 756 3088 conventus
779 3025 934 3101 quattuor
957 3021 1060 3086 modis
1083 3021 1297 3103 intelligitur.
1312 3071 1318 3085 .
1333 3070 1353 3104 .‚

129 3141 131 3145 ‘
176 3139 211 3198 et
227 3136 276 3198 63.
287 3135 401 3219 forum
418 3155 476 3200 sex
491 3134 594 3200 modis
611 3131 829 3214 intelligitur.
846 3179 852 3192 .
883 3131 1006 3196 Similia
1021 3137 1107 3215 sunt,
1132 3131 1214 3213 qnae
1231 3132 1353 3199 Gellius

177 3249 226 3311 18.
244 3249 271 3309 7.
289 3265 329 3310 ex
351 3246 433 3312 libro
458 3246 605 3327 quedam,
629 3263 723 3324 quem
739 3241 845 3306 Verrii
861 3242 964 3308 fuisse
980 3242 1141 3325 opinatur,
1164 3243 1352 3325 exscripsit:

175 3365 334 3439 ‚secutum
356 3358 419 3423 dici
443 3362 477 3421 et
500 3377 557 3438 pre
580 3356 650 3421 lccc
674 3360 707 3419 et
730 3374 788 3435 pre
817 3352 1012 3419 hominibus:
1048 3355 1208 3420 ciuitatem
1236 3361 1270 3419 et
1296 3375 1353 3436 pru

174 3469 244 3534 lccc
268 3473 302 3533 et
325 3467 441 3550 oppido
476 3472 510 3532 et
536 3487 595 3548 pre
623 3465 692 3531 iure
720 3486 847 3548 quoque
870 3464 1032 3531 huminum
1055 3472 1090 3530 et
1111 3486 1169 3547 pru
1193 3465 1353 3531 huminum

175 3579 397 3646 multitudine:
421 3581 522 3645 tribus
544 3597 672 3658 qunque
692 3584 726 3643 et
749 3576 898 3642 decurias
922 3576 986 3641 dici
1009 3581 1043 3641 et
1065 3596 1124 3658 prc
1146 3578 1217 3642 lucc
1241 3583 1275 3643 et
1295 3597 1352 3659 pru

175 3690 245 3756 iure
268 3696 302 3756 et
325 3711 382 3773 prc
405 3688 604 3755 haminibus:
627 3689 806 3755 conuoaem
821 3693 929 3755 autem
946 3687 1011 3752 tria
1027 3686 1227 3770 significare3
1250 3689 1352 3754 locum

177 3808 211 3868 et
239 3804 341 3869 verba
371 3805 627 3884 suggestumque
654 3800 738 3865 unde
767 3801 866 3864 verba
895 3801 1025 3877 fierent;
1058 3799 1137 3864 item
1172 3798 1351 3881 significare

176 3919 302 3979 coetum
336 3912 446 3995 populi
479 3911 687 3991 adsistentis3
727 3910 808 3976 item
842 3909 1021 3976 oraticnem
1055 3912 1158 3992 ipsam
1195 3929 1279 3991 quae
1311 3912 1351 3976 ad

177 4025 330 4107 populum
352 4020 536 4089 diceretur'.
573 4022 621 4099 (O.
646 4021 752 4087 Muell.
777 4020 878 4103 praef.
902 4021 999 4092 XVI.)
1038 4022 1073 4087 ln
1095 4020 1178 4086 libro
1202 4022 1242 4085 de
1264 4023 1349 4087 verb.

178 4136 281 4218 signif
301 4134 435 4200 Verrius
450 4133 562 4200 varias
577 4131 739 4198 lemmatis
762 4131 912 4198 notiones
934 4132 1116 4213 particulis:
1140 4134 1232 4197 modo
1254 4136 1349 4216 moute,

176 4270 261 4314 nunc
281 4269 376 4330 nanc,
400 4247 489 4312 clius
512 4245 609 4327 atius,
632 4244 791 4309 interdum
814 4243 981 4326 interdum,
1005 4251 1062 4309 aut
1078 4252 1150 4309 nat:
1172 4242 1350 4309 discernere
