2925 4909
605 318 816 381 ..23-

111 510 148 569 et
170 506 250 571 aliis
276 506 385 587 poetis
410 506 583 587 praecipue
605 504 662 585 615,
686 525 819 585 qnorum
840 505 1028 585 fragmenta
1051 525 1091 569 ex
1114 509 1183 573 solo
1201 505 1302 573 Nonio

111 617 268 684 novimus
291 619 382 684 velut
398 616 523 698 Lucilii,
546 635 638 682 nemo
655 635 713 682 nos
736 616 803 680 tale
818 615 894 696 quid
918 615 1027 681 docuit
1043 636 1147 698 neqne
1163 619 1301 684 docebit.

117 727 235 794 Verrio
269 734 305 794 et
328 726 431 794 Nonio
465 726 562 810 pauci
596 746 709 793 versus
733 726 875 820 Plautini
909 746 1094 793 communes
1123 734 1210 796 sunt.
1258 730 1302 797 Et

113 839 181 905 iam
205 839 313 906 oritur
335 858 420 905 nova
442 838 628 904 difficultas.
668 837 802 904 Verrius
817 838 851 904 in
867 839 917 904 his
941 858 1005 905 non
1021 858 1150 921 semper
1165 842 1299 907 eandem

113 957 218 1031 atque
243 948 367 1017 Nonius
390 953 525 1031 praebet
546 949 833 1032 recensionem,
861 969 943 1031 quae
965 950 1150 1015 differentia
1171 951 1301 1017 minime

113 1061 362 1127 commentariis
386 1062 443 1127 sed
459 1061 597 1127 diversis
613 1061 850 1142 exemplaribus
867 1061 1040 1127 tribuenda
1054 1065 1116 1126 est.
1155 1063 1301 1143 Denique

112 1192 182 1238 non
211 1172 398 1238 verosimile
431 1192 506 1238 esse
528 1171 606 1238 mibi
628 1172 759 1238 videtur
791 1170 887 1237 Nonii
909 1173 1055 1254 exempla
1077 1172 1233 1254 primaria
1267 1179 1302 1238 et

114 1282 293 1350 subseciva
315 1284 455 1350 diversis
489 1282 635 1350 fontibus
658 1283 778 1347 deberi.
816 1285 902 1349 Sane
924 1288 1013 1349 certo
1036 1285 1174 1364 quodam
1189 1283 1301 1350 ordine

113 1393 244 1461 Nonius
268 1414 308 1460 ex
330 1394 422 1461 libris
446 1393 630 1476 exscripsit,
654 1414 719 1474 qua
740 1393 867 1460 ratione
890 1394 961 1460 nati
985 1400 1062 1460 sunt
1077 1394 1218 1476 ordines,
1242 1397 1300 1461 sed

115 1506 267 1572 videmus
291 1506 390 1572 etiam
413 1505 585 1572 subseciva
600 1506 748 1587 exempla
771 1513 861 1571 certo
878 1504 990 1571 ordine
1013 1525 1049 1571 56
1065 1506 1214 1588 excipere
1230 1506 1299 1572 scil.
1398 1513 1402 1519 “

116 1618 243 1700 eodem,
267 1638 329 1698 qno
353 1617 482 1706 ordines
505 1616 569 1698 ipsi
593 1622 782 1697 sequnntur.

207 1728 425 1811 Aggredimur
447 1729 489 1793 ad
512 1716 795 1811 comparationem,
819 1749 859 1794 ex
877 1742 942 1810 qua
964 1748 1025 1811 ego
1041 1729 1172 1810 glossas
1188 1749 1301 1811 parum

117 1845 282 1921 cognatas
306 1839 430 1905 exclusi
453 1838 555 1905 velut:
581 1836 660 1903 Nou.
686 1843 714 1903 9.
738 1839 854 1905 focula.
900 1840 990 1906 Paul.
1018 1843 1069 1904 64.
1093 1840 1195 1911 focus,
1219 1839 1299 1906 Non.

120 1950 352 2016 7965111516.
392 1950 480 2015 Paul.
505 1953 555 2014 99.
581 1949 715 2029 5516165,
739 1948 819 2015 Non.
845 1951 1099 2017 1056111111516.
1134 1951 1223 2017 Paul.
1249 1956 1299 2017 58.

119 2061 272 2142 6111156111,
298 2060 376 2126 Non.
393 2067 465 2125 454.
491 2060 626 2126 16151161.
664 2060 754 2126 Ρ5111.
772 2064 851 2144 160,
876 2060 955 2127 Non.
971 2067 1044 2128 457.
1060 2061 1171 2129 6561111.
1210 2063 1300 2129 Ρ5111.

119 2177 184 2255 35.,
209 2171 290 2238 Non.
314 2176 385 2237 539.
409 2172 536 2255 regilla.
571 2171 662 2237 Fest.
687 2171 770 2237 lllll.
799 2176 851 2239 24.
876 2175 926 2238 33.
950 2173 1099 2256 regillis,
1122 2173 1203 2240 Non.
1228 2179 1300 2239 539.

117 2284 197 2349 1165.
244 2283 332 2350 rest.
357 2284 441 2349 lllll.
466 2286 516 2348 26.
543 2282 693 2348 191165.
741 2283 823 2349 lllll.
851 2285 898 2350 13.
923 2288 951 2350 5.
976 2284 1074 2350 ricae.
1122 2284 1202 2351 Non.
1229 2287 1300 2351 541.

118 2395 297 2460 flammeus.
344 2394 432 2460 Paul.
458 2397 508 2460 67.
533 2394 766 2460 6965116166.

207 2618 230 2683 l.
265 2617 429 2683 Primum
458 2636 523 2683 655
553 2617 713 2699 glossas
742 2638 940 2702 enumero,
974 2620 1014 2685 in
1037 2620 1179 2701 quibus
1202 2620 1301 2686 idem

119 2749 258 2796 versus
280 2728 448 2811 legitur:
489 2735 516 2800 ll
545 2727 625 2794 Non.
656 2732 726 2793 164.
760 2732 851 2796 racis
884 2737 938 2796 est
964 2731 1121 2797 raucitas.
1167 2731 1302 2798 Plautus

120 2839 306 2906 Aulularia:
342 2839 406 2921 ,ubi
435 2839 541 2920 siquid
570 2860 699 2922 poscam
724 2860 827 2921 usque
849 2846 886 2905 at
907 2842 1011 2909 ravim
1034 2862 1164 2925 poscam
1187 2841 1301 2924 prius'.

119 2952 207 3017 ldem
231 2950 432 3016 Cistellaria:
457 2951 665 3032 ,expurigabo
689 2952 809 3031 (coddz
834 2956 1034 3034 expurgabo)
1064 2955 1173 3019 hercle
1196 2953 1303 3020 omnia

120 3064 162 3128 ad
185 3082 317 3128 raucam
332 3059 465 3129 raviml'
489 3062 579 3127 Fest.
603 3062 687 3127 Xlll.
714 3066 762 3126 11.
780 3065 831 3127 29.
866 3065 972 3130 ravim
1005 3063 1131 3145 antiqui
1154 3064 1303 3130 dicebant

120 3194 178 3256 pro
212 3174 383 3239 raucitate.
430 3172 580 3239 Plautus:
616 3172 680 3254 ,ubi
714 3172 820 3254 siquid
848 3194 990 3257 poscam,
1024 3195 1095 3257 usq.
1130 3176 1172 3241 ad
1198 3175 1302 3241 ravim

119 3305 251 3367 poscam
276 3281 380 3366 prius'
406 3334 412 3346 .
436 3283 529 3349 item:
565 3283 779 3365 ,experiuravi
813 3287 919 3351 hercle
954 3284 1062 3352 omnia
1095 3287 1137 3351 ad
1170 3306 1302 3352 raucam

118 3393 238 3463 ravim'
263 3448 270 3461 .
294 3400 328 3459 66
361 3396 395 3460 16
429 3395 699 3460 Artemone...
730 3394 901 3462 Caecilius,
946 3397 1038 3463 Fest.
1068 3397 1152 3462 lllll.
1178 3400 1226 3461 19.
1253 3399 1301 3461 lb.

117 3530 235 3574 166615
257 3528 359 3573 uocem
388 3505 574 3587 significare
596 3505 645 3571 ait
669 3558 676 3571 .
702 3554 708 3569 .
734 3558 741 3571 .
776 3526 906 3573 raucam
936 3514 971 3572 et
1003 3527 1116 3590 parum
1138 3506 1301 3591 liquidam,

118 3619 265 3701 proxime
300 3637 415 3683 canum
450 3619 608 3683 latratum
643 3624 827 3700 sonantem;
862 3620 946 3686 unde
980 3619 1079 3684 etiam
1108 3618 1302 3684 causidicum

118 3728 313 3813 pugnaciter
340 3728 523 3810 loquentem
556 3729 701 3794 rabulam
733 3730 945 3810 appellabant
977 3737 1015 3796 116
1043 3736 1096 3800 656
1129 3730 1217 3811 apud
1240 3731 1302 3796 Lu·

118 3841 302 3908 cilium...
337 3839 401 3905 nisi
433 3861 454 3907 a
486 3840 561 3906 1666
593 3839 703 3920 potius
738 3841 844 3907 dictos
878 3841 1026 3923 velimus,
1063 3847 1098 3906 ut
1130 3846 1183 3906 656
1216 3842 1303 3923 apud

118 3953 271 4019 Plautum
294 3951 349 4032 qni
371 3952 418 4016 ait
439 3951 473 4017 in
499 3950 679 4016 Aulularia:
716 3951 792 4034 ,ubi,
824 3952 930 4034 siquid
957 3971 1129 4034 poscamus
1153 3954 1237 4032 quod
1260 3953 1302 4017 ad

116 4063 223 4132 ravim
246 4080 378 4143 poscam
395 4060 498 4144 prius'
522 4069 557 4126 66
579 4061 671 4127 alibi:
696 4065 893 4145 ,expurgabo
909 4064 1019 4129 hercle
1035 4062 1142 4128 omnia
1164 4064 1206 4128 ad
1228 4083 1301 4129 ran·

115 4195 189 4242 cam
201 4170 332 4240 ravim'·
345 4209 387 4218 -
399 4174 641 4239 Admonendum
655 4177 706 4238 est
721 4173 969 4255 explicationem
985 4174 1213 4256 simpliciorem
1228 4185 1302 4239 6556

114 4307 214 4372 quam
237 4304 280 4350 ex
295 4304 359 4364 qna
382 4286 421 4351 de
436 4284 599 4351 communi
613 4286 704 4351 fonte
727 4284 810 4350 66161
833 4286 908 4367 quid
923 4286 1005 4352 disci
1020 4285 1137 4368 possit.
1178 4284 1301 4350 Versus
