2925 4909
564 327 778 391 ..33-

77 519 140 598 est,
164 515 252 595 qnod
266 515 351 596 apud
366 518 494 581 veteres
511 513 626 579 cinnus
650 512 792 595 potionis
816 532 919 594 genus
942 533 983 578 en
1002 514 1114 580 multis
1130 515 1261 596 liquori·

76 627 139 692 bus
164 625 345 691 confectum
368 624 432 690 dici
450 625 540 691 solet.
579 624 678 690 Recte
693 628 803 689 autem
819 623 1011 689 concinnare
1027 629 1062 689 et
1077 625 1262 692 consentire

77 736 229 819 intellegi
252 740 364 818 potest
386 735 479 816 quasi
501 735 685 818 concinere,
714 739 752 801 nt
781 735 892 802 multis
916 735 1045 803 diverse
1068 736 1261 803 canentibus

76 868 160 915 nnus
184 847 326 913 efficitur
347 848 471 913 modus.
517 847 653 914 Plautus
681 846 848 914 Asinaria:
877 867 1009 930 ,auceps
1036 849 1163 928 quando
1187 868 1261 914 oon·

77 958 228 1027 cinnarit
252 978 370 1040 aream,
394 957 530 1024 offundit
552 956 680 1024 cibnm'.
728 958 769 1023 M.
795 958 916 1025 Tullius
940 957 1147 1040 (concinere).
1171 960 1261 1026 Paul.

77 1073 127 1136 30.
152 1071 347 1137 coaciaaare
369 1074 420 1135 est
442 1074 519 1151 apte
542 1088 731 1151 componere
756 1123 762 1134 .
787 1069 954 1136 concinere
982 1069 1066 1136 enim
1089 1071 1262 1137 convenire

78 1187 137 1249 est.
155 1220 198 1227 -
214 1182 294 1248 (lum
308 1184 402 1247 ambo
419 1181 584 1246 —nescio
602 1180 656 1261 qui
671 1181 793 1247 lactum
811 1181 856 1248 sit
873 1218 909 1228 -
927 1183 968 1247 de
990 1180 1211 1248 concinnando
1228 1185 1263 1245 et

78 1294 293 1371 concinendo
311 1294 413 1358 rerba
446 1291 580 1373 faciant,
616 1297 726 1358 tamen
760 1293 850 1357 baec
874 1291 1058 1357 differentia
1080 1293 1167 1358 inter
1201 1293 1289 1358 bas

78 1407 210 1486 glossas
234 1402 419 1485 intercedit,
451 1403 535 1484 quod
565 1401 687 1469 Nonius
711 1404 794 1469 duas
820 1404 981 1469 lemmatis
1005 1403 1263 1485 significationes

78 1517 236 1597 ostendit,
272 1519 404 1596 quarum
440 1516 546 1581 altera
578 1535 650 1582 cum
683 1517 785 1581 Paulo
818 1519 987 1597 congruat.
1033 1515 1096 1581 Sed
1125 1535 1195 1582 oum
1228 1514 1263 1580 in

78 1632 253 1708 utramque
281 1626 478 1692 senteutiam
511 1627 642 1707 saepius
675 1629 738 1692 hoc
766 1627 955 1694 vocabulum
991 1628 1077 1708 apud
1112 1625 1263 1692 Plautum

79 1739 222 1820 legatur,
246 1757 308 1803 non
332 1738 500 1803 discernas
523 1739 562 1803 de
586 1738 746 1804 Verriana
769 1740 888 1821 glossa.
933 1738 1108 1803 Praeterea
1125 1736 1262 1804 Nonium

80 1850 210 1916 cinnum
245 1868 492 1915 commemorare
527 1850 711 1916 declaratur
732 1852 847 1931 glossa
881 1847 961 1915 Non.
986 1853 1036 1914 59.
1060 1850 1176 1915 ciaaas
1211 1854 1264 1916 est

81 1960 269 2027 commixtio
292 1960 516 2042 plurimorum3
546 1962 631 2027 unde
654 1966 689 2027 et
710 1962 904 2026 concinnare
927 1960 1055 2026 dicitur.
1102 1962 1165 2028 Cic.
1191 2014 1198 2027 .
1223 2015 1230 2028 .
1255 2013 1262 2026 .

82 2075 133 2152 13)
157 2070 243 2139 Non.
267 2074 317 2136 44.
341 2073 437 2138 blatis
459 2076 494 2136 et
516 2073 655 2139 blateras
688 2072 846 2155 confingis
880 2077 938 2137 ant
960 2071 1125 2138 incondite
1159 2071 1192 2137 et
1216 2074 1264 2139 in·

81 2183 191 2250 aniter
211 2183 353 2264 loqueris
377 2237 384 2250 .
409 2236 416 2249 .
441 2236 447 2249 .
483 2189 541 2251 aut
575 2205 595 2250 a
623 2185 745 2249 balatu.
771 2185 927 2249 Plautus
957 2182 989 2248 in
1014 2184 1261 2267 Amphitryone:

83 2295 156 2378 ,qui
172 2296 304 2378 malum,
318 2295 511 2377 intellegere
527 2297 695 2377 qnisquam
711 2295 799 2377 potis
822 2297 896 2361 esti
919 2294 968 2360 ita
982 2315 1109 2377 nangas
1125 2293 1263 2362 blatisi'

13 2455 14 2492 ÷
82 2404 164 2472 idem
188 2407 224 2472 in
247 2407 429 2473 Aulularia:
464 2406 529 2491 ,ubi
557 2413 594 2473 tu
617 2426 662 2489 es,
696 2426 779 2488 qnae
802 2407 1015 2472 deblaterasti
1047 2406 1111 2471 iam
1145 2406 1263 2473 vicinis

13 2497 15 2502 ⁸
84 2515 269 2584 omnibnst’
315 2519 402 2585 Paul.
430 2522 481 2584 28.
505 2519 663 2585 blaterare
685 2522 738 2583 est
761 2518 863 2583 stulte
890 2523 924 2582 et
946 2517 1142 2599 praecupide
1164 2518 1263 2600 loqui,

84 2631 167 2708 qnod
190 2649 211 2695 a
234 2629 358 2696 Graeco
385 2631 467 2707 βλάξ
487 2629 643 2712 originem
674 2628 773 2695 ducit.
830 2629 891 2694 Sed
925 2633 959 2692 et
981 2629 1138 2711 camelos,
1167 2648 1264 2709 qrrnm

83 2758 180 2807 voces
205 2741 315 2823 edunt,
349 2741 513 2806 blaterare
547 2740 691 2807 dicimus.
720 2778 762 2785 -
785 2739 908 2806 Nonius
943 2740 1005 2805 duo
1029 2741 1187 2806 vocabula
1210 2760 1264 2805 ex-

83 2851 193 2933 plicat,
218 2871 351 2932 quornm
374 2853 513 2917 alterum
528 2853 613 2934 apud
637 2852 770 2918 Paulum
785 2850 948 2916 lemmatis
970 2851 1041 2916 loco
1065 2851 1207 2932 positum
1223 2872 1264 2917 ne
1369 2888 1373 2895 ·

13 3051 14 3054 Ἴ
86 2961 268 3029 Plautinum
302 2963 430 3043 quidem
458 2969 517 3028 est.
563 2965 609 3029 At
632 2964 767 3028 balatus
802 2967 835 3027 et
868 2961 982 3026 cameli
1002 2963 1265 3028 commemoratio

13 3121 14 3124 ,
85 3074 218 3139 eundem
242 3081 407 3140 auctorem
428 3075 585 3140 redolent.
632 3074 679 3140 Cf.
701 3072 783 3139 Non.
808 3077 857 3140 78.
881 3074 1057 3155 blaterare,
1082 3077 1131 3137 96.
1156 3073 1265 3137 debla-

84 3188 200 3268 terare,
226 3184 314 3251 Paul.
338 3190 388 3250 55.
414 3186 625 3251 deblaterare.
664 3184 846 3250 Reitzenst.
864 3186 912 3249 33.
926 3184 1003 3249 adn.
1022 3239 1025 3246 .
1041 3188 1092 3259 14)
1116 3183 1196 3249 Non.
1214 3187 1264 3249 44.
1360 3177 1362 3179 ’

13 3347 14 3350 ,
83 3297 281 3376 perconctara'
304 3297 478 3377 diligenter
504 3296 677 3378 inquirere.
727 3297 862 3361 Plautus
890 3296 1001 3377 Ampb.
1026 3343 1032 3358 .
1057 3346 1097 3359 ..
1144 3294 1187 3359 Et
1215 3301 1266 3361 est

87 3408 270 3489 proprietas
293 3407 385 3473 verbi
407 3409 449 3472 ab
472 3428 509 3472 eo
533 3413 652 3488 tracta,
678 3408 764 3488 qnod
787 3407 871 3473 vada
894 3406 925 3470 in
949 3404 1135 3471 fluminibus
1158 3407 1265 3471 contis

87 3519 260 3599 exquirunt
330 3518 419 3584 Fest
454 3519 494 3584 X.
524 3520 574 3583 32.
605 3522 634 3582 8.
662 3518 878 3601 perconctatio
915 3537 972 3597 pro
1007 3516 1266 3597 interrogatione

88 3627 174 3695 dicta
186 3630 316 3696 videtur
328 3649 368 3694 ex
378 3630 507 3695 nautico
521 3649 591 3711 usu,
604 3629 680 3711 quiia
695 3633 792 3694 conto
802 3632 993 3710 pertentant
1002 3633 1266 3708 cognoscantque

87 3740 282 3821 navigantes
305 3759 410 3822 aquae
432 3740 638 3806 altitudinem
663 3792 669 3806 .
697 3792 703 3805 .
727 3777 768 3785 -
792 3738 1016 3804 Perconctatio
1040 3758 1103 3805 non
1128 3746 1180 3803 est
1201 3758 1266 3804 vox

91 3849 251 3935 Plautina,
285 3860 417 3933 etymon
451 3851 594 3917 eiusdem
629 3851 775 3932 originis.
830 3855 881 3927 lb)
911 3847 991 3915 Non.
1019 3852 1069 3913 44.
1098 3850 1205 3915 cerriti
1232 3855 1268 3914 et

90 3959 208 4029 larvati
230 3963 314 4028 male
337 3961 409 4027 sani
432 3968 466 4027 et
489 3966 546 4028 ant
570 3961 698 4028 Cereris
721 3961 771 4027 ira
795 3959 838 4043 [v.
856 3980 880 4026 s.
905 3959 994 4043 dira]
1024 3965 1082 4025 aut
1103 3962 1266 4027 larvarum

90 4070 308 4140 incursatione
331 4073 437 4139 animo
460 4072 581 4140 vexati.
629 4074 763 4139 Plautus
788 4071 945 4153 Amphit.:
971 4069 1137 4153 ,larvatn's
1153 4073 1268 4153 edepol

91 4182 248 4251 hominem
263 4184 428 4251 miserum!
452 4184 607 4250 medicum
623 4181 813 4265 quaeritat'.
837 4182 920 4247 idem
936 4184 990 4263 qni
1007 4195 1118 4263 supra:
1137 4202 1268 4263 ,quaese

92 4296 276 4362 advenienti
302 4299 412 4362 morbo
436 4294 589 4361 medicari
612 4296 734 4360 lovem.
770 4302 807 4359 tu
835 4299 924 4359 certe
947 4300 1006 4359 ant
1038 4293 1186 4359 larvatus
1211 4298 1268 4358 aut

1064 4396 1079 4444 a
