2925 4909
571 325 608 333 ...
659 293 782 383 51¹..

88 484 147 559 11)
177 480 258 546 Post
290 477 420 544 Terenti
449 477 540 542 Adel.
568 495 598 543 v.
624 479 694 541 ebo.
723 477 842 542 lacuna
877 496 940 541 non
975 481 1065 541 reete
1100 475 1267 543 statuitur.

175 592 282 657 Verba
305 589 442 656 atillam
457 588 635 672 psaltriam
650 586 782 653 Micioni
797 607 861 654 non
877 589 1015 653 obseura
1030 606 1104 654 esse
1119 595 1268 670 possunt,

175 723 244 770 eum
267 701 341 783 ipse
364 703 463 766 antea
486 699 525 764 de
553 697 693 781 psaltria
715 698 852 781 Hegioni
880 699 1067 780 exposuerit
1091 700 1143 778 (of.
1168 701 1268 780 oea),

175 816 278 881 lector
300 815 410 878 autem
431 810 471 876 de
493 830 533 877 ea
553 809 619 876 iam
633 809 799 893 comperit.
838 811 900 890 (ef.
915 811 987 876 263.
1005 812 1077 876 284.
1095 812 1168 876 355.
1183 812 1269 888 552.)

669 954 686 993 ss

499 1006 515 1040 e

91 1106 155 1181 12)
177 1104 251 1169 Lat.
274 1103 403 1169 refert
426 1121 464 1168 ex
486 1101 655 1168 res-fert
678 1106 790 1169 natum
814 1122 889 1168 esse
912 1122 1039 1168 censeo.
1079 1099 1169 1167 Nom.
1185 1100 1268 1182 sing.

173 1223 253 1279 mee
281 1215 369 1297 apud
391 1213 540 1281 Plautum
566 1214 666 1295 longa
698 1214 803 1282 utitur
830 1215 956 1297 syllaba
977 1212 1081 1296 finali,
1115 1232 1186 1279 oum
1213 1225 1268 1278 re·

173 1346 230 1407 pro
253 1327 399 1391 ablativo
423 1326 608 1391 haberetur.

97 1438 158 1508 13)
179 1437 249 1501 Lat.
273 1436 410 1502 firmus
433 1443 467 1501 et
489 1456 551 1502 sor.
574 1436 749 1505 dbruvas
773 1444 915 1522 cognata
938 1442 1024 1503 sunt.

106 1549 161 1625 14)
181 1546 343 1613 Particula
367 1549 396 1607 εἰ
416 1549 591 1630 respondet
612 1548 660 1638 lit.
680 1547 737 1631 jei,
761 1549 793 1606 αἱ
814 1551 922 1614 autem
945 1569 1011 1615 ose.
1036 1549 1115 1614 svai.

104 1659 156 1730 15)
178 1656 421 1725 Suffixum-ter
443 1659 500 1724 lat.
518 1658 742 1726 adverbiorum
758 1664 792 1725 et
814 1679 874 1725 ser.
897 1664 978 1726 ·tra
999 1660 1032 1726 in
1048 1663 1137 1725 atra
1159 1662 1264 1723 tat-tra

174 1770 284 1851 yet-tra
312 1772 466 1853 anyt-tra
498 1770 581 1835 idern
610 1775 669 1836 est.
715 1771 761 1836 ef.
786 1773 843 1837 lat.
867 1790 1049 1853 ugernum
1073 1773 1266 1854 dyptrser.

176 1879 278 1962 aths
301 1887 370 1962 got.
395 1882 482 1947 akrs.
