2925 4909
581 270 793 333 „31-

85 462 192 538 atque
226 476 278 522 me
312 456 472 522 exercitos
505 455 627 522 habet'.
681 458 800 523 lucret
842 508 872 522 ..
908 457 1010 522 Afran
1029 509 1037 522 .
1056 509 1086 522 ..
1122 456 1226 538 Virgil
1243 507 1277 524 ..

86 568 181 634 Paul.
207 571 261 633 60.
284 569 435 635 amatas
468 572 503 633 et
535 568 671 634 militum
707 568 800 650 copia
834 567 953 633 dicitur
981 574 1016 632 et
1042 569 1137 634 homo
1167 568 1278 635 multis

85 678 237 761 negotiis
260 679 437 756 exercitus;
462 680 520 745 sed
540 680 689 761 superius
712 678 822 760 quarti
837 678 959 745 ordinis
982 687 1045 762 est,
1068 682 1130 747 hoc
1146 679 1279 746 secundi
1313 725 1316 730 -

86 794 153 855 est.
206 791 255 856 Cf.
284 812 315 871 p.
340 795 389 856 61.
430 790 659 857 exercitionem
693 790 838 857 exerciti.
875 826 913 834 -
948 791 1190 858 Admonendum
1225 797 1279 857 est

86 902 244 969 Sallustii
267 903 446 984 exemplum
469 902 631 968 immerito
665 902 802 985 primum
825 903 928 968 locum
958 901 1104 967 obtinere
1131 915 1151 967 a
1175 900 1277 969 Nonio

86 1018 211 1095 postea
234 1014 377 1080 additum
393 1012 631 1094 (Schottmucll.
649 1017 735 1093 823.)
760 1014 863 1080 Multa
877 1012 972 1079 Nonii
988 1014 1135 1094 exempla
1150 1014 1278 1096 docent,

88 1146 158 1206 qua
192 1125 389 1191 confidentia
413 1126 521 1190 Verrii
544 1126 688 1207 glossam
714 1125 828 1191 Plauto
863 1124 1019 1191 vindices.
1071 1126 1102 1199 8)
1138 1123 1218 1189 Non.
1249 1128 1278 1189 ’1.

86 1239 216 1321 frigere
238 1243 291 1303 est
313 1242 347 1301 et
363 1237 536 1321 friguttire
558 1244 593 1301 et
619 1237 796 1321 fritionire
830 1235 978 1302 sussilire
1006 1255 1078 1301 cnm
1114 1255 1192 1301 sono
1225 1237 1280 1303 vel

90 1348 198 1430 erigi
215 1354 254 1413 et
269 1348 453 1430 excitari,
477 1349 562 1429 quod
574 1367 783 1429 quaecunque
795 1348 961 1429 friguntur
972 1348 1024 1413 vcl
1040 1346 1163 1428 frigent
1177 1347 1276 1413 nimio

91 1461 204 1525 calore
227 1460 281 1526 vel
303 1460 438 1542 frigore,
461 1479 531 1525 cnm
549 1480 628 1526 sono
645 1479 755 1525 susum
773 1458 957 1524 sussiliunt
994 1459 1130 1524 Plautus
1146 1458 1279 1524 Casina:

92 1591 179 1654 ,nam
196 1569 274 1651 quid
289 1570 492 1654 friguttis‚
516 1570 591 1651 quid
607 1570 692 1636 istnc
709 1577 775 1635 tam
792 1570 907 1652 cupide
923 1567 1048 1651 cupis‘l'
1093 1571 1195 1635 Varro
1211 1570 1280 1645 (fri-

91 1680 280 1757 tinientis).
303 1732 334 1746 ..
358 1683 447 1748 Paul.
474 1685 525 1747 118.
553 1682 715 1766 sriupillo
749 1681 821 1748 avis
850 1682 938 1745 dicta
961 1687 1023 1764 cst,
1050 1684 1133 1762 quod
1157 1683 1280 1764 frigore

92 1798 209 1858 cantet
232 1796 265 1858 ct
286 1793 419 1875 vigeat3
444 1795 526 1860 unde
550 1800 584 1859 et
605 1793 827 1874 friguttire.
845 1830 885 1837 —
902 1792 950 1857 Gf.
969 1792 1084 1857 Varro.
1107 1794 1136 1858 d.
1160 1794 1172 1857 1
1204 1794 1224 1858 l.
1251 1798 1279 1860 i.

96 1908 180 1985 rot,
203 1903 258 1970 ubi
280 1904 454 1985 friguttire
481 1904 669 1985 afringilla
690 1904 828 1971 ducitur.
876 1903 997 1969 Nonius
1020 1909 1054 1968 et
1078 1904 1210 1971 Verrius
1234 1905 1280 1970 di·

93 2034 193 2082 verso
219 2018 279 2080 suh
302 2017 454 2081 lemmate
469 2017 509 2081 de
532 2015 730 2097 frigutiendo
748 2015 869 2097 dicunt,
893 2016 975 2095 quod
998 2016 1189 2081 vocabulum
1209 2036 1280 2082 oiim

95 2128 185 2210 apud
209 2127 356 2192 Plautum
395 2127 427 2192 in
463 2127 533 2193 sola
556 2126 677 2193 Casina
699 2126 883 2209 reperiatur
916 2133 950 2190 et
980 2126 1011 2191 in
1041 2125 1133 2192 Nonii
1167 2128 1281 2209 glossa

96 2239 169 2320 plus
193 2239 305 2304 valcat
327 2258 421 2319 qnam
446 2225 577 2320 frigere,
602 2240 686 2319 quod
703 2237 825 2304 Nonius
849 2243 983 2319 prouter
999 2239 1142 2319 glossam
1159 2260 1189 2319 p.
1208 2241 1278 2303 308.

89 2351 195 2435 sripit
215 2350 266 2415 hic
300 2350 411 2431 iterat,
449 2349 582 2416 Verrius
605 2369 731 2431 quoque
765 2370 806 2413 ex
830 2349 943 2415 Plauto
977 2349 1137 2431 petivisse
1159 2355 1279 2431 potest.

97 2462 160 2527 Sed
196 2460 304 2527 Plauti
338 2461 601 2527 commentarium
626 2459 747 2526 Nonius
780 2480 843 2526 non
867 2459 960 2541 legit,
995 2462 1144 2541 quoniam
1180 2462 1280 2543 expli-

95 2571 236 2638 cationis
259 2575 360 2639 verha
383 2572 475 2654 ,erigi
497 2579 532 2637 et
554 2570 709 2638 excitari'
742 2570 897 2637 Varronis
924 2591 1041 2637 versus
1065 2572 1158 2637 citati
1180 2575 1280 2638 verba

96 2690 182 2750 sunt.
229 2687 261 2759 9)
287 2681 365 2750 Non.
390 2686 418 2749 8.
449 2705 619 2767 coporrare
652 2688 704 2748 est
731 2682 823 2763 rugis
856 2683 997 2747 frontem
1031 2686 1223 2749 contrahere
1246 2689 1281 2749 et

96 2815 265 2877 asperare:
308 2799 449 2861 tractum
489 2815 509 2859 a
550 2813 718 2875 capororum
757 2792 919 2860 frontibus
958 2794 1084 2875 crispis.
1144 2795 1279 2861 Plautus

99 2905 248 2995 Epidico:
272 2905 359 2987 ‚quid
381 2905 460 2972 illud
483 2910 544 2988 est,
567 2906 651 2985 quod
674 2905 720 2970 illi
744 2910 897 2987 caperrat
919 2905 1009 2970 frons
1034 2904 1278 2972 severitudine'.

98 3016 199 3081 Varro
230 3023 446 3098 (caperratum
474 3017 638 3092 frontem).
683 3016 761 3082 Paul
797 3018 848 3080 31.
878 3024 1061 3099 caperratum
1083 3036 1235 3098 rugosum
1259 3038 1280 3082 a

97 3147 248 3194 cornuum
278 3128 482 3209 caprinorum
513 3127 726 3193 similitudine
755 3125 883 3192 dicitur.
908 3164 949 3172 —
974 3128 1142 3193 Lemmata
1170 3149 1279 3209 qnam-

97 3260 190 3320 quam
214 3239 344 3305 diversa
367 3245 453 3319 sunt,
475 3243 582 3303 tamen
606 3238 821 3320 expositionis
845 3237 1021 3303 similitudo
1045 3258 1109 3303 non
1127 3242 1279 3321 neganda

97 3356 147 3416 est
171 3350 224 3427 (cf.
252 3349 363 3415 Varro.
394 3351 424 3415 d.
447 3350 502 3415 1.1
537 3355 555 3414 7
592 3352 673 3431 lot,
703 3348 758 3430 qui
781 3369 821 3414 ex
844 3347 959 3416 Naevii
981 3350 1144 3430 glossario
1167 3351 1277 3416 affert:

97 3465 263 3543 ‚caperata
285 3460 391 3526 fronte
414 3481 434 3526 a
457 3480 575 3542 caprae
597 3457 742 3533 frontet.
792 3462 835 3524 At
858 3459 950 3526 Pauli
966 3461 1082 3541 glossa
1105 3468 1193 3526 certe
1215 3482 1278 3528 non

97 3572 248 3639 Plautina
271 3577 333 3654 est,
356 3591 427 3636 cum
452 3590 609 3653 caperare
632 3571 663 3636 in
690 3572 758 3636 solo
783 3569 917 3653 Epidico
941 3576 1102 3651 occurrat,
1125 3579 1159 3636 et
1177 3572 1281 3638 forma

96 3680 306 3765 ,caperatum'
330 3682 381 3747 hio
405 3702 468 3749 non
491 3687 651 3748 occurrat.
702 3686 754 3759 io)
781 3680 860 3747 Non.
885 3687 914 3747 9.
938 3684 1131 3749 examassim
1161 3683 1280 3749 dicitur

96 3794 280 3860 examinate
303 3795 344 3859 ad
366 3794 511 3875 regulam
536 3794 587 3859 vel
611 3798 855 3875 coagmentum:
890 3798 952 3859 est
981 3793 1079 3859 enim
1109 3796 1279 3861 amussis

94 3906 235 3990 regula
268 3905 479 3987 fabrorum,
514 3925 609 3986 qrtam
634 3903 818 3985 architecti,
847 3924 918 3970 oum
942 3927 1023 3987 opus
1046 3909 1196 3987 probant,
1225 3927 1279 3973 ru-

93 4018 183 4084 hrica
216 4015 365 4081 inlinunt.
419 4015 555 4081 Plautus
592 4015 832 4097 Amphitryone
857 4069 863 4081 .
889 4069 928 4083 ..
963 4016 1244 4082 Menaechmis..
1271 4071 1277 4083 .

95 4130 197 4196 Varro
221 4132 312 4201 (sat.)
326 4179 354 4191 ..
384 4126 468 4191 ldem
486 4125 718 4204 Quaestionum
735 4126 957 4193 Plautinarum
973 4128 1028 4192 lih.
1045 4126 1100 4192 ll.:
1125 4129 1278 4209 ,amussis

93 4250 144 4308 est
168 4258 345 4319 aequamen
364 4238 591 4318 levamentum,
615 4237 722 4302 idest
746 4238 831 4319 apud
847 4238 958 4304 fabros
980 4238 1092 4302 tabula
1108 4240 1278 4323 quaedam,
