<?xml version="1.0" encoding="UTF-8"?>
<!DOCTYPE html PUBLIC "-//W3C//DTD XHTML 1.0 Transitional//EN"
    "http://www.w3.org/TR/xhtml1/DTD/xhtml1-transitional.dtd">
<html xmlns="http://www.w3.org/1999/xhtml" xml:lang="en" lang="en">
 <head>
  <title>
</title>
<meta http-equiv="Content-Type" content="text/html;charset=utf-8" />
  <meta name='ocr-system' content='tesseract 3.04.00' />
  <meta name='ocr-capabilities' content='ocr_page ocr_carea ocr_par ocr_line ocrx_word'/>
</head>
<body>
  <div class='ocr_page' id='page_1' title='image "./denoniomarcello00froegoog/denoniomarcello00froegoog_0032.png"; bbox 0 0 2925 4909; ppageno 0'>
   <div class='ocr_carea' id='block_1_1' title="bbox 658 306 867 366">
    <p class='ocr_par' dir='ltr' id='par_1_1' title="bbox 658 306 867 366">
     <span class='ocr_line' id='line_1_1' title="bbox 658 306 867 366; baseline 0 -19"><span class='ocrx_word' id='word_1_1' title='bbox 658 306 867 366; x_wconf 71' lang='lat'>..22-</span> 
     </span>
    </p>
   </div>
   <div class='ocr_carea' id='block_1_2' title="bbox 153 490 1451 4356">
    <p class='ocr_par' dir='ltr' id='par_1_2' title="bbox 153 490 1451 4356">
     <span class='ocr_line' id='line_1_2' title="bbox 175 490 1367 575; baseline -0.003 -17"><span class='ocrx_word' id='word_1_2' title='bbox 175 493 321 575; x_wconf 84' lang='lat' dir='ltr'>adigant,</span> <span class='ocrx_word' id='word_1_3' title='bbox 346 492 496 558; x_wconf 73' lang='grc'><strong>81101010</strong></span> <span class='ocrx_word' id='word_1_4' title='bbox 519 491 677 572; x_wconf 74' lang='lat' dir='ltr'>rimosus,</span> <span class='ocrx_word' id='word_1_5' title='bbox 702 493 772 555; x_wconf 83' lang='grc'><strong>164.</strong></span> <span class='ocrx_word' id='word_1_6' title='bbox 796 491 886 555; x_wconf 84' lang='lat' dir='ltr'>ravis</span> <span class='ocrx_word' id='word_1_7' title='bbox 909 495 962 556; x_wconf 86' lang='lat' dir='ltr'>est</span> <span class='ocrx_word' id='word_1_8' title='bbox 983 490 1139 556; x_wconf 88' lang='lat' dir='ltr'>raucitas.</span> <span class='ocrx_word' id='word_1_9' title='bbox 1178 491 1253 556; x_wconf 91' lang='lat' dir='ltr'>Tam</span> <span class='ocrx_word' id='word_1_10' title='bbox 1277 490 1367 555; x_wconf 90' lang='lat' dir='ltr'>sim-</span> 
     </span>
     <span class='ocr_line' id='line_1_3' title="bbox 174 600 1366 686; baseline -0.003 -17"><span class='ocrx_word' id='word_1_11' title='bbox 174 604 276 686; x_wconf 90' lang='lat' dir='ltr'>plices</span> <span class='ocrx_word' id='word_1_12' title='bbox 300 602 535 686; x_wconf 87' lang='lat' dir='ltr'>explicationes</span> <span class='ocrx_word' id='word_1_13' title='bbox 552 602 581 669; x_wconf 90' lang='lat' dir='ltr'>si</span> <span class='ocrx_word' id='word_1_14' title='bbox 597 600 720 668; x_wconf 90' lang='lat' dir='ltr'>Nonins</span> <span class='ocrx_word' id='word_1_15' title='bbox 743 621 806 667; x_wconf 92' lang='lat' dir='ltr'>non</span> <span class='ocrx_word' id='word_1_16' title='bbox 822 601 894 683; x_wconf 89' lang='lat' dir='ltr'>ipse</span> <span class='ocrx_word' id='word_1_17' title='bbox 917 601 1007 667; x_wconf 81' lang='lat' dir='ltr'>dedit</span> <span class='ocrx_word' id='word_1_18' title='bbox 1021 601 1152 668; x_wconf 88' lang='lat' dir='ltr'>videtur</span> <span class='ocrx_word' id='word_1_19' title='bbox 1166 601 1245 667; x_wconf 92' lang='lat' dir='ltr'>mihi</span> <span class='ocrx_word' id='word_1_20' title='bbox 1264 606 1366 667; x_wconf 88' lang='lat' dir='ltr'>certe</span> 
     </span>
     <span class='ocr_line' id='line_1_4' title="bbox 174 711 1365 794; baseline -0.003 -13"><span class='ocrx_word' id='word_1_21' title='bbox 174 735 237 781; x_wconf 90' lang='lat' dir='ltr'>non</span> <span class='ocrx_word' id='word_1_22' title='bbox 262 735 303 781; x_wconf 89' lang='lat' dir='ltr'>ex</span> <span class='ocrx_word' id='word_1_23' title='bbox 325 713 566 779; x_wconf 90' lang='lat' dir='ltr'>commentariis</span> <span class='ocrx_word' id='word_1_24' title='bbox 590 713 805 794; x_wconf 81' lang='lat' dir='ltr'>quaesivisse,</span> <span class='ocrx_word' id='word_1_25' title='bbox 830 714 887 778; x_wconf 88' lang='lat' dir='ltr'>sed</span> <span class='ocrx_word' id='word_1_26' title='bbox 906 713 1052 778; x_wconf 80' lang='lat' dir='ltr'>fortasse</span> <span class='ocrx_word' id='word_1_27' title='bbox 1074 733 1155 779; x_wconf 90' lang='lat' dir='ltr'>usus</span> <span class='ocrx_word' id='word_1_28' title='bbox 1172 718 1224 778; x_wconf 91' lang='lat' dir='ltr'>est</span> <span class='ocrx_word' id='word_1_29' title='bbox 1247 711 1365 778; x_wconf 87' lang='lat' dir='ltr'>Plauti</span> 
     </span>
     <span class='ocr_line' id='line_1_5' title="bbox 174 822 1363 907; baseline -0.003 -16"><span class='ocrx_word' id='word_1_30' title='bbox 174 826 266 892; x_wconf 87' lang='lat' dir='ltr'>libris</span> <span class='ocrx_word' id='word_1_31' title='bbox 290 845 360 891; x_wconf 91' lang='lat' dir='ltr'>cum</span> <span class='ocrx_word' id='word_1_32' title='bbox 384 825 505 907; x_wconf 85' lang='lat' dir='ltr'>glossis</span> <span class='ocrx_word' id='word_1_33' title='bbox 520 824 755 906; x_wconf 81' lang='lat' dir='ltr'>marginalibus</span> <span class='ocrx_word' id='word_1_34' title='bbox 772 824 946 890; x_wconf 86' lang='lat' dir='ltr'>exstructis</span> <span class='ocrx_word' id='word_1_35' title='bbox 962 823 1014 890; x_wconf 93' lang='lat' dir='ltr'>vel</span> <span class='ocrx_word' id='word_1_36' title='bbox 1031 822 1213 906; x_wconf 83' lang='lat' dir='ltr'>glossariis.</span> <span class='ocrx_word' id='word_1_37' title='bbox 1253 823 1363 888; x_wconf 86' lang='lat' dir='ltr'>Recte</span> 
     </span>
     <span class='ocr_line' id='line_1_6' title="bbox 175 934 1363 1016; baseline -0.002 -14"><span class='ocrx_word' id='word_1_38' title='bbox 175 938 259 1003; x_wconf 92' lang='lat' dir='ltr'>enim</span> <span class='ocrx_word' id='word_1_39' title='bbox 282 936 360 1002; x_wconf 91' lang='lat' dir='ltr'>mihi</span> <span class='ocrx_word' id='word_1_40' title='bbox 375 935 572 1003; x_wconf 84' lang='lat' dir='ltr'>iudicavisse</span> <span class='ocrx_word' id='word_1_41' title='bbox 592 936 722 1002; x_wconf 82' lang='lat' dir='ltr'>videtur</span> <span class='ocrx_word' id='word_1_42' title='bbox 747 934 1031 1016; x_wconf 86' lang='lat' dir='ltr'>Deuerlingins</span> <span class='ocrx_word' id='word_1_43' title='bbox 1055 934 1088 1000; x_wconf 92' lang='lat' dir='ltr'>in</span> <span class='ocrx_word' id='word_1_44' title='bbox 1110 935 1211 1016; x_wconf 84' lang='lat' dir='ltr'>praef.</span> <span class='ocrx_word' id='word_1_45' title='bbox 1229 934 1363 1000; x_wconf 78' lang='lat' dir='ltr'>Placidi</span> 
     </span>
     <span class='ocr_line' id='line_1_7' title="bbox 175 1045 1362 1131; baseline -0.003 -16"><span class='ocrx_word' id='word_1_46' title='bbox 175 1070 205 1131; x_wconf 88' lang='lat' dir='ltr'>p.</span> <span class='ocrx_word' id='word_1_47' title='bbox 229 1048 312 1131; x_wconf 64' lang='lat' dir='ltr'>XV„</span> <span class='ocrx_word' id='word_1_48' title='bbox 347 1048 470 1114; x_wconf 79' lang='lat' dir='ltr'>Placidi</span> <span class='ocrx_word' id='word_1_49' title='bbox 504 1047 638 1128; x_wconf 90' lang='lat' dir='ltr'>siquae</span> <span class='ocrx_word' id='word_1_50' title='bbox 666 1046 900 1128; x_wconf 79' lang='lat' dir='ltr'>explicationes</span> <span class='ocrx_word' id='word_1_51' title='bbox 934 1065 1006 1111; x_wconf 90' lang='lat' dir='ltr'>cum</span> <span class='ocrx_word' id='word_1_52' title='bbox 1030 1045 1130 1111; x_wconf 84' lang='lat' dir='ltr'>Festo</span> <span class='ocrx_word' id='word_1_53' title='bbox 1154 1046 1362 1129; x_wconf 76' lang='lat' dir='ltr'>conspirent,</span> 
     </span>
     <span class='ocr_line' id='line_1_8' title="bbox 174 1157 1362 1242; baseline -0.004 -15"><span class='ocrx_word' id='word_1_54' title='bbox 174 1182 238 1227; x_wconf 90' lang='lat' dir='ltr'>non</span> <span class='ocrx_word' id='word_1_55' title='bbox 262 1181 302 1226; x_wconf 92' lang='lat' dir='ltr'>ex</span> <span class='ocrx_word' id='word_1_56' title='bbox 323 1160 395 1242; x_wconf 91' lang='lat' dir='ltr'>ipso</span> <span class='ocrx_word' id='word_1_57' title='bbox 421 1159 533 1225; x_wconf 87' lang='lat' dir='ltr'>Verrio</span> <span class='ocrx_word' id='word_1_58' title='bbox 557 1159 610 1224; x_wconf 93' lang='lat' dir='ltr'>vel</span> <span class='ocrx_word' id='word_1_59' title='bbox 632 1157 731 1224; x_wconf 85' lang='lat' dir='ltr'>Festo</span> <span class='ocrx_word' id='word_1_60' title='bbox 749 1160 808 1223; x_wconf 86' lang='lat' dir='ltr'>has</span> <span class='ocrx_word' id='word_1_61' title='bbox 833 1162 982 1239; x_wconf 88' lang='lat' dir='ltr'>sumptas</span> <span class='ocrx_word' id='word_1_62' title='bbox 998 1177 1083 1240; x_wconf 87' lang='lat' dir='ltr'>esse,</span> <span class='ocrx_word' id='word_1_63' title='bbox 1107 1158 1165 1223; x_wconf 92' lang='lat' dir='ltr'>sed</span> <span class='ocrx_word' id='word_1_64' title='bbox 1181 1162 1362 1239; x_wconf 89' lang='lat' dir='ltr'>utrumqne</span> 
     </span>
     <span class='ocr_line' id='line_1_9' title="bbox 175 1268 1359 1351; baseline -0.004 -12"><span class='ocrx_word' id='word_1_65' title='bbox 175 1275 305 1339; x_wconf 89' lang='lat' dir='ltr'>eosdem</span> <span class='ocrx_word' id='word_1_66' title='bbox 337 1276 467 1338; x_wconf 88' lang='lat' dir='ltr'>veteres</span> <span class='ocrx_word' id='word_1_67' title='bbox 495 1270 753 1351; x_wconf 85' lang='lat' dir='ltr'>glossographus</span> <span class='ocrx_word' id='word_1_68' title='bbox 777 1268 909 1351; x_wconf 84' lang='lat' dir='ltr'>adiisse,</span> <span class='ocrx_word' id='word_1_69' title='bbox 945 1268 1015 1335; x_wconf 89' lang='lat' dir='ltr'>sive</span> <span class='ocrx_word' id='word_1_70' title='bbox 1048 1269 1101 1334; x_wconf 90' lang='lat' dir='ltr'>usi</span> <span class='ocrx_word' id='word_1_71' title='bbox 1135 1268 1203 1334; x_wconf 89' lang='lat' dir='ltr'>sint</span> <span class='ocrx_word' id='word_1_72' title='bbox 1234 1269 1359 1334; x_wconf 91' lang='lat' dir='ltr'>eisdem</span> 
     </span>
     <span class='ocr_line' id='line_1_10' title="bbox 176 1379 1358 1465; baseline -0.006 -15"><span class='ocrx_word' id='word_1_73' title='bbox 176 1383 414 1465; x_wconf 83' lang='lat' dir='ltr'>exemplaribus</span> <span class='ocrx_word' id='word_1_74' title='bbox 447 1386 616 1463; x_wconf 90' lang='lat' dir='ltr'>poetarum</span> <span class='ocrx_word' id='word_1_75' title='bbox 651 1379 720 1446; x_wconf 89' lang='lat' dir='ltr'>sive</span> <span class='ocrx_word' id='word_1_76' title='bbox 755 1379 975 1461; x_wconf 87' lang='lat' dir='ltr'>singularibus</span> <span class='ocrx_word' id='word_1_77' title='bbox 1008 1382 1192 1461; x_wconf 88' lang='lat' dir='ltr'>glossarum</span> <span class='ocrx_word' id='word_1_78' title='bbox 1224 1379 1358 1446; x_wconf 89' lang='lat' dir='ltr'>libellis.</span> 
     </span>
     <span class='ocr_line' id='line_1_11' title="bbox 176 1490 1446 1574; baseline -0.003 -14"><span class='ocrx_word' id='word_1_79' title='bbox 176 1496 219 1560; x_wconf 87' lang='lat' dir='ltr'>Et</span> <span class='ocrx_word' id='word_1_80' title='bbox 242 1493 337 1560; x_wconf 90' lang='lat' dir='ltr'>Nonii</span> <span class='ocrx_word' id='word_1_81' title='bbox 372 1492 498 1574; x_wconf 91' lang='lat' dir='ltr'>quidem</span> <span class='ocrx_word' id='word_1_82' title='bbox 533 1512 604 1557; x_wconf 94' lang='lat' dir='ltr'>cum</span> <span class='ocrx_word' id='word_1_83' title='bbox 637 1490 802 1573; x_wconf 89' lang='lat' dir='ltr'>longiores</span> <span class='ocrx_word' id='word_1_84' title='bbox 836 1491 1125 1573; x_wconf 80' lang='lat' dir='ltr'>interpretationes</span> <span class='ocrx_word' id='word_1_85' title='bbox 1148 1491 1288 1557; x_wconf 87' lang='lat' dir='ltr'>maxime</span> <span class='ocrx_word' id='word_1_86' title='bbox 1324 1492 1359 1557; x_wconf 90' lang='lat' dir='ltr'>in</span> <span class='ocrx_word' id='word_1_87' title='bbox 1443 1509 1446 1514; x_wconf 69' lang='grc'>’</span> 
     </span>
     <span class='ocr_line' id='line_1_12' title="bbox 175 1601 1359 1689; baseline -0.003 -18"><span class='ocrx_word' id='word_1_88' title='bbox 175 1606 257 1671; x_wconf 90' lang='lat' dir='ltr'>libro</span> <span class='ocrx_word' id='word_1_89' title='bbox 270 1605 294 1670; x_wconf 91' lang='lat' dir='ltr'>l.</span> <span class='ocrx_word' id='word_1_90' title='bbox 308 1608 345 1671; x_wconf 79' lang='lat' dir='ltr'>rie</span> <span class='ocrx_word' id='word_1_91' title='bbox 354 1604 552 1689; x_wconf 77' lang='lat' dir='ltr'>proprietate</span> <span class='ocrx_word' id='word_1_92' title='bbox 562 1625 741 1668; x_wconf 75' lang='grc'><strong>0011100001</strong></span> <span class='ocrx_word' id='word_1_93' title='bbox 751 1601 969 1685; x_wconf 86' lang='lat' dir='ltr'>inveniantur,</span> <span class='ocrx_word' id='word_1_94' title='bbox 985 1604 1107 1668; x_wconf 90' lang='lat' dir='ltr'>multae</span> <span class='ocrx_word' id='word_1_95' title='bbox 1119 1602 1359 1685; x_wconf 83' lang='lat' dir='ltr'>explicationes</span> 
     </span>
     <span class='ocr_line' id='line_1_13' title="bbox 177 1712 1358 1796; baseline 0 -17"><span class='ocrx_word' id='word_1_96' title='bbox 177 1714 283 1781; x_wconf 90' lang='lat' dir='ltr'>Verrii</span> <span class='ocrx_word' id='word_1_97' title='bbox 306 1719 340 1780; x_wconf 93' lang='lat' dir='ltr'>et</span> <span class='ocrx_word' id='word_1_98' title='bbox 363 1713 459 1779; x_wconf 90' lang='lat' dir='ltr'>Nonii</span> <span class='ocrx_word' id='word_1_99' title='bbox 482 1733 579 1795; x_wconf 89' lang='lat' dir='ltr'>saepe</span> <span class='ocrx_word' id='word_1_100' title='bbox 613 1712 647 1778; x_wconf 93' lang='lat' dir='ltr'>in</span> <span class='ocrx_word' id='word_1_101' title='bbox 672 1714 744 1779; x_wconf 87' lang='lat' dir='ltr'>sola</span> <span class='ocrx_word' id='word_1_102' title='bbox 772 1713 970 1796; x_wconf 86' lang='lat' dir='ltr'>etymologia</span> <span class='ocrx_word' id='word_1_103' title='bbox 999 1718 1126 1795; x_wconf 81' lang='lat' dir='ltr'>coeant,</span> <span class='ocrx_word' id='word_1_104' title='bbox 1148 1715 1270 1779; x_wconf 91' lang='lat' dir='ltr'>multae</span> <span class='ocrx_word' id='word_1_105' title='bbox 1292 1733 1358 1779; x_wconf 95' lang='lat' dir='ltr'>non</span> 
     </span>
     <span class='ocr_line' id='line_1_14' title="bbox 176 1806 1360 1906; baseline -0.002 -15"><span class='ocrx_word' id='word_1_106' title='bbox 176 1826 276 1892; x_wconf 88' lang='lat' dir='ltr'>solum</span> <span class='ocrx_word' id='word_1_107' title='bbox 302 1826 343 1890; x_wconf 89' lang='lat' dir='ltr'>ad</span> <span class='ocrx_word' id='word_1_108' title='bbox 365 1845 481 1891; x_wconf 91' lang='lat' dir='ltr'>versus</span> <span class='ocrx_word' id='word_1_109' title='bbox 499 1824 667 1891; x_wconf 86' lang='lat' dir='ltr'>Plautinos</span> <span class='ocrx_word' id='word_1_110' title='bbox 689 1826 746 1890; x_wconf 90' lang='lat' dir='ltr'>sed</span> <span class='ocrx_word' id='word_1_111' title='bbox 770 1824 867 1889; x_wconf 90' lang='lat' dir='ltr'>etiam</span> <span class='ocrx_word' id='word_1_112' title='bbox 892 1806 1037 1890; x_wconf 89' lang='lat' dir='ltr'>adalios</span> <span class='ocrx_word' id='word_1_113' title='bbox 1054 1832 1169 1906; x_wconf 90' lang='lat' dir='ltr'>poetas</span> <span class='ocrx_word' id='word_1_114' title='bbox 1197 1826 1360 1905; x_wconf 89' lang='lat' dir='ltr'>quadrent</span> 
     </span>
     <span class='ocr_line' id='line_1_15' title="bbox 176 1935 1359 2018; baseline 0.001 -16"><span class='ocrx_word' id='word_1_115' title='bbox 176 1942 262 2018; x_wconf 83' lang='lat' dir='ltr'>(cum</span> <span class='ocrx_word' id='word_1_116' title='bbox 284 1937 463 2017; x_wconf 88' lang='lat' dir='ltr'>exemplum</span> <span class='ocrx_word' id='word_1_117' title='bbox 486 1936 674 2018; x_wconf 89' lang='lat' dir='ltr'>primarium</span> <span class='ocrx_word' id='word_1_118' title='bbox 698 1936 785 2018; x_wconf 89' lang='lat' dir='ltr'>apud</span> <span class='ocrx_word' id='word_1_119' title='bbox 807 1935 944 2001; x_wconf 91' lang='lat' dir='ltr'>Nouium</span> <span class='ocrx_word' id='word_1_120' title='bbox 972 1956 1070 2018; x_wconf 91' lang='lat' dir='ltr'>saepe</span> <span class='ocrx_word' id='word_1_121' title='bbox 1093 1938 1196 2001; x_wconf 90' lang='lat' dir='ltr'>multa</span> <span class='ocrx_word' id='word_1_122' title='bbox 1219 1936 1359 2003; x_wconf 88' lang='lat' dir='ltr'>aliorum</span> 
     </span>
     <span class='ocr_line' id='line_1_16' title="bbox 177 2046 1358 2131; baseline 0.001 -18"><span class='ocrx_word' id='word_1_123' title='bbox 177 2053 345 2131; x_wconf 90' lang='lat' dir='ltr'>poetarum</span> <span class='ocrx_word' id='word_1_124' title='bbox 374 2047 522 2128; x_wconf 92' lang='lat' dir='ltr'>exempla</span> <span class='ocrx_word' id='word_1_125' title='bbox 555 2052 743 2129; x_wconf 78' lang='lat' dir='ltr'>sequantur,</span> <span class='ocrx_word' id='word_1_126' title='bbox 777 2054 811 2111; x_wconf 91' lang='lat' dir='ltr'>et</span> <span class='ocrx_word' id='word_1_127' title='bbox 833 2046 926 2112; x_wconf 87' lang='lat' dir='ltr'>Festi</span> <span class='ocrx_word' id='word_1_128' title='bbox 959 2047 1043 2112; x_wconf 89' lang='lat' dir='ltr'>idem</span> <span class='ocrx_word' id='word_1_129' title='bbox 1069 2048 1186 2113; x_wconf 93' lang='lat' dir='ltr'>lemma</span> <span class='ocrx_word' id='word_1_130' title='bbox 1209 2048 1249 2113; x_wconf 89' lang='lat' dir='ltr'>ad</span> <span class='ocrx_word' id='word_1_131' title='bbox 1272 2047 1358 2114; x_wconf 91' lang='lat' dir='ltr'>alios</span> 
     </span>
     <span class='ocr_line' id='line_1_17' title="bbox 177 2158 1358 2240; baseline 0.001 -16"><span class='ocrx_word' id='word_1_132' title='bbox 177 2158 285 2225; x_wconf 89' lang='lat' dir='ltr'>Plauti</span> <span class='ocrx_word' id='word_1_133' title='bbox 307 2160 358 2225; x_wconf 88' lang='lat' dir='ltr'>vel</span> <span class='ocrx_word' id='word_1_134' title='bbox 383 2158 517 2224; x_wconf 86' lang='lat' dir='ltr'>aliorum</span> <span class='ocrx_word' id='word_1_135' title='bbox 542 2158 734 2240; x_wconf 88' lang='lat' dir='ltr'>scriptorum</span> <span class='ocrx_word' id='word_1_136' title='bbox 757 2177 872 2224; x_wconf 88' lang='lat' dir='ltr'>versus</span> <span class='ocrx_word' id='word_1_137' title='bbox 895 2159 1070 2240; x_wconf 78' lang='lat' dir='ltr'>pertineat)</span> <span class='ocrx_word' id='word_1_138' title='bbox 1093 2179 1166 2224; x_wconf 91' lang='lat' dir='ltr'>mea</span> <span class='ocrx_word' id='word_1_139' title='bbox 1189 2159 1358 2225; x_wconf 91' lang='lat' dir='ltr'>sententia</span> 
     </span>
     <span class='ocr_line' id='line_1_18' title="bbox 178 2269 1451 2356; baseline 0 -20"><span class='ocrx_word' id='word_1_140' title='bbox 178 2269 299 2336; x_wconf 88' lang='lat' dir='ltr'>Nonius</span> <span class='ocrx_word' id='word_1_141' title='bbox 322 2290 387 2335; x_wconf 91' lang='lat' dir='ltr'>non</span> <span class='ocrx_word' id='word_1_142' title='bbox 409 2275 477 2335; x_wconf 91' lang='lat' dir='ltr'>tam</span> <span class='ocrx_word' id='word_1_143' title='bbox 493 2269 742 2335; x_wconf 86' lang='lat' dir='ltr'>commentarios</span> <span class='ocrx_word' id='word_1_144' title='bbox 760 2269 927 2335; x_wconf 88' lang='lat' dir='ltr'>Plautinos</span> <span class='ocrx_word' id='word_1_145' title='bbox 950 2276 1081 2356; x_wconf 90' lang='lat' dir='ltr'>praeter</span> <span class='ocrx_word' id='word_1_146' title='bbox 1096 2269 1202 2352; x_wconf 86' lang='lat' dir='ltr'>ipsum</span> <span class='ocrx_word' id='word_1_147' title='bbox 1226 2277 1356 2353; x_wconf 89' lang='lat' dir='ltr'>poetam</span> <span class='ocrx_word' id='word_1_148' title='bbox 1448 2337 1451 2344; x_wconf 79' lang='grc'>,</span> 
     </span>
     <span class='ocr_line' id='line_1_19' title="bbox 177 2380 1355 2463; baseline -0.001 -15"><span class='ocrx_word' id='word_1_149' title='bbox 177 2402 272 2463; x_wconf 91' lang='lat' dir='ltr'>quam</span> <span class='ocrx_word' id='word_1_150' title='bbox 294 2382 577 2463; x_wconf 89' lang='lat' dir='ltr'>grammaticorum</span> <span class='ocrx_word' id='word_1_151' title='bbox 601 2380 710 2446; x_wconf 90' lang='lat' dir='ltr'>studia</span> <span class='ocrx_word' id='word_1_152' title='bbox 733 2381 949 2463; x_wconf 84' lang='lat' dir='ltr'>etymologica</span> <span class='ocrx_word' id='word_1_153' title='bbox 970 2381 1003 2446; x_wconf 93' lang='lat' dir='ltr'>in</span> <span class='ocrx_word' id='word_1_154' title='bbox 1019 2402 1112 2448; x_wconf 89' lang='lat' dir='ltr'>nsum</span> <span class='ocrx_word' id='word_1_155' title='bbox 1128 2402 1221 2448; x_wconf 89' lang='lat' dir='ltr'>suum</span> <span class='ocrx_word' id='word_1_156' title='bbox 1243 2382 1355 2448; x_wconf 90' lang='lat' dir='ltr'>vertit.</span> 
     </span>
     <span class='ocr_line' id='line_1_20' title="bbox 176 2493 1356 2575; baseline -0.002 -16"><span class='ocrx_word' id='word_1_157' title='bbox 176 2494 343 2560; x_wconf 88' lang='lat' dir='ltr'>Postremo</span> <span class='ocrx_word' id='word_1_158' title='bbox 378 2493 611 2558; x_wconf 89' lang='lat' dir='ltr'>attendendum</span> <span class='ocrx_word' id='word_1_159' title='bbox 634 2496 687 2557; x_wconf 90' lang='lat' dir='ltr'>est</span> <span class='ocrx_word' id='word_1_160' title='bbox 720 2493 852 2572; x_wconf 90' lang='lat' dir='ltr'>glossas</span> <span class='ocrx_word' id='word_1_161' title='bbox 875 2494 1047 2558; x_wconf 90' lang='lat' dir='ltr'>nonnullas</span> <span class='ocrx_word' id='word_1_162' title='bbox 1080 2513 1214 2575; x_wconf 91' lang='lat' dir='ltr'>prorsus</span> <span class='ocrx_word' id='word_1_163' title='bbox 1244 2512 1356 2558; x_wconf 90' lang='lat' dir='ltr'>carere</span> 
     </span>
     <span class='ocr_line' id='line_1_21' title="bbox 176 2603 1355 2688; baseline -0.003 -18"><span class='ocrx_word' id='word_1_164' title='bbox 176 2604 392 2687; x_wconf 86' lang='lat' dir='ltr'>explicatione</span> <span class='ocrx_word' id='word_1_165' title='bbox 414 2604 506 2670; x_wconf 89' lang='lat' dir='ltr'>velut</span> <span class='ocrx_word' id='word_1_166' title='bbox 528 2624 559 2685; x_wconf 93' lang='lat' dir='ltr'>p.</span> <span class='ocrx_word' id='word_1_167' title='bbox 584 2607 634 2669; x_wconf 82' lang='lat'>70.</span> <span class='ocrx_word' id='word_1_168' title='bbox 670 2604 801 2669; x_wconf 81' lang='lat' dir='ltr'>amatio.</span> <span class='ocrx_word' id='word_1_169' title='bbox 853 2603 987 2669; x_wconf 86' lang='lat' dir='ltr'>Planius</span> <span class='ocrx_word' id='word_1_170' title='bbox 1015 2604 1185 2669; x_wconf 82' lang='lat' dir='ltr'>Rudente.</span> <span class='ocrx_word' id='word_1_171' title='bbox 1203 2656 1210 2669; x_wconf 92' lang='lat'><strong>.</strong></span> <span class='ocrx_word' id='word_1_172' title='bbox 1228 2656 1248 2688; x_wconf 86' lang='lat'>.‚</span> <span class='ocrx_word' id='word_1_173' title='bbox 1288 2606 1355 2669; x_wconf 85' lang='grc'><strong>115.</strong></span> 
     </span>
     <span class='ocr_line' id='line_1_22' title="bbox 172 2714 1355 2801; baseline -0.001 -19"><span class='ocrx_word' id='word_1_174' title='bbox 172 2717 322 2801; x_wconf 69' lang='lat' dir='ltr'>guttatim</span> <span class='ocrx_word' id='word_1_175' title='bbox 338 2716 473 2781; x_wconf 89' lang='lat' dir='ltr'>Plautus</span> <span class='ocrx_word' id='word_1_176' title='bbox 490 2715 673 2781; x_wconf 88' lang='lat' dir='ltr'>Mercatore</span> <span class='ocrx_word' id='word_1_177' title='bbox 690 2767 696 2780; x_wconf 91' lang='lat'><strong>.</strong></span> <span class='ocrx_word' id='word_1_178' title='bbox 715 2766 722 2779; x_wconf 94' lang='lat'>.</span> <span class='ocrx_word' id='word_1_179' title='bbox 741 2766 759 2796; x_wconf 87' lang='lat'>.,</span> <span class='ocrx_word' id='word_1_180' title='bbox 787 2719 855 2779; x_wconf 84' lang='grc'><strong>111.</strong></span> <span class='ocrx_word' id='word_1_181' title='bbox 878 2714 1075 2797; x_wconf 55' lang='lat' dir='ltr'>cooperare</span> <span class='ocrx_word' id='word_1_182' title='bbox 1099 2715 1233 2782; x_wconf 90' lang='lat' dir='ltr'>Plautus</span> <span class='ocrx_word' id='word_1_183' title='bbox 1257 2716 1355 2781; x_wconf 80' lang='lat' dir='ltr'>Ardu-</span> 
     </span>
     <span class='ocr_line' id='line_1_23' title="bbox 175 2825 1354 2909; baseline 0 -16"><span class='ocrx_word' id='word_1_184' title='bbox 175 2828 333 2893; x_wconf 89' lang='lat' dir='ltr'>laria...</span> <span class='ocrx_word' id='word_1_185' title='bbox 378 2826 426 2893; x_wconf 84' lang='lat' dir='ltr'>Cf.</span> <span class='ocrx_word' id='word_1_186' title='bbox 451 2830 501 2892; x_wconf 77' lang='lat'>97.</span> <span class='ocrx_word' id='word_1_187' title='bbox 525 2827 636 2893; x_wconf 85' lang='lat' dir='ltr'>deletio</span> <span class='ocrx_word' id='word_1_188' title='bbox 660 2825 889 2908; x_wconf 80' lang='grc'><strong>10011100...,</strong></span> <span class='ocrx_word' id='word_1_189' title='bbox 921 2830 988 2891; x_wconf 86' lang='grc'><strong>11111.</strong></span> <span class='ocrx_word' id='word_1_190' title='bbox 1013 2828 1132 2893; x_wconf 79' lang='lat' dir='ltr'>diriter</span> <span class='ocrx_word' id='word_1_191' title='bbox 1155 2828 1197 2892; x_wconf 90' lang='lat' dir='ltr'>M.</span> <span class='ocrx_word' id='word_1_192' title='bbox 1221 2826 1354 2909; x_wconf 77' lang='grc' dir='ltr'><strong>Το11100,</strong></span> 
     </span>
     <span class='ocr_line' id='line_1_24' title="bbox 179 2937 1353 3018; baseline 0 -15"><span class='ocrx_word' id='word_1_193' title='bbox 179 2942 248 3004; x_wconf 87' lang='grc'><strong>1110.</strong></span> <span class='ocrx_word' id='word_1_194' title='bbox 272 2939 520 3005; x_wconf 81' lang='lat' dir='ltr'>deriseiscimam</span> <span class='ocrx_word' id='word_1_195' title='bbox 543 2938 646 3004; x_wconf 81' lang='lat' dir='ltr'>Varro</span> <span class='ocrx_word' id='word_1_196' title='bbox 662 2939 703 3004; x_wconf 92' lang='lat' dir='ltr'>al.</span> <span class='ocrx_word' id='word_1_197' title='bbox 740 2938 817 3016; x_wconf 82' lang='lat' dir='ltr'>Quis</span> <span class='ocrx_word' id='word_1_198' title='bbox 840 2937 967 3018; x_wconf 88' lang='lat' dir='ltr'>estqui</span> <span class='ocrx_word' id='word_1_199' title='bbox 990 2937 1042 3002; x_wconf 90' lang='lat' dir='ltr'>bic</span> <span class='ocrx_word' id='word_1_200' title='bbox 1069 2939 1186 3003; x_wconf 89' lang='lat' dir='ltr'>clamet</span> <span class='ocrx_word' id='word_1_201' title='bbox 1220 2937 1353 3003; x_wconf 90' lang='lat' dir='ltr'>Nouium</span> 
     </span>
     <span class='ocr_line' id='line_1_25' title="bbox 153 3048 1353 3131; baseline 0.001 -16"><span class='ocrx_word' id='word_1_202' title='bbox 153 3119 155 3124; x_wconf 21' lang='lat'><strong>⁴</strong></span> <span class='ocrx_word' id='word_1_203' title='bbox 176 3050 311 3116; x_wconf 89' lang='lat' dir='ltr'>consilio</span> <span class='ocrx_word' id='word_1_204' title='bbox 328 3048 593 3116; x_wconf 88' lang='lat' dir='ltr'>commentatoris</span> <span class='ocrx_word' id='word_1_205' title='bbox 610 3048 792 3114; x_wconf 87' lang='lat' dir='ltr'>doctrinam</span> <span class='ocrx_word' id='word_1_206' title='bbox 802 3049 1014 3131; x_wconf 61' lang='lat' dir='ltr'>repudiasset&gt;</span> <span class='ocrx_word' id='word_1_207' title='bbox 1043 3048 1143 3115; x_wconf 88' lang='lat' dir='ltr'>Venio</span> <span class='ocrx_word' id='word_1_208' title='bbox 1160 3050 1201 3115; x_wconf 91' lang='lat' dir='ltr'>ad</span> <span class='ocrx_word' id='word_1_209' title='bbox 1216 3069 1353 3116; x_wconf 90' lang='lat' dir='ltr'>versus</span> 
     </span>
     <span class='ocr_line' id='line_1_26' title="bbox 175 3160 1353 3227; baseline 0 -1"><span class='ocrx_word' id='word_1_210' title='bbox 175 3161 374 3227; x_wconf 86' lang='lat' dir='ltr'>laudatos.</span> <span class='ocrx_word' id='word_1_211' title='bbox 430 3162 570 3227; x_wconf 90' lang='lat' dir='ltr'>Primum</span> <span class='ocrx_word' id='word_1_212' title='bbox 604 3181 675 3226; x_wconf 88' lang='lat' dir='ltr'>oum</span> <span class='ocrx_word' id='word_1_213' title='bbox 708 3160 741 3225; x_wconf 94' lang='lat' dir='ltr'>in</span> <span class='ocrx_word' id='word_1_214' title='bbox 776 3161 1014 3227; x_wconf 89' lang='lat' dir='ltr'>commentariis</span> <span class='ocrx_word' id='word_1_215' title='bbox 1054 3181 1151 3227; x_wconf 87' lang='lat' dir='ltr'>unum</span> <span class='ocrx_word' id='word_1_216' title='bbox 1189 3161 1242 3227; x_wconf 90' lang='lat' dir='ltr'>vel</span> <span class='ocrx_word' id='word_1_217' title='bbox 1278 3180 1353 3226; x_wconf 91' lang='lat' dir='ltr'>non·</span> 
     </span>
     <span class='ocr_line' id='line_1_27' title="bbox 175 3253 1352 3354; baseline -0.001 -16"><span class='ocrx_word' id='word_1_218' title='bbox 175 3273 264 3339; x_wconf 90' lang='lat' dir='ltr'>nulla</span> <span class='ocrx_word' id='word_1_219' title='bbox 287 3275 388 3339; x_wconf 90' lang='lat' dir='ltr'>verba</span> <span class='ocrx_word' id='word_1_220' title='bbox 409 3272 570 3338; x_wconf 91' lang='lat' dir='ltr'>lemmatis</span> <span class='ocrx_word' id='word_1_221' title='bbox 593 3273 663 3337; x_wconf 88' lang='lat' dir='ltr'>loco</span> <span class='ocrx_word' id='word_1_222' title='bbox 686 3272 763 3353; x_wconf 92' lang='lat' dir='ltr'>poni</span> <span class='ocrx_word' id='word_1_223' title='bbox 786 3271 924 3353; x_wconf 86' lang='lat' dir='ltr'>soleant,</span> <span class='ocrx_word' id='word_1_224' title='bbox 954 3279 1061 3337; x_wconf 90' lang='lat' dir='ltr'>tamen</span> <span class='ocrx_word' id='word_1_225' title='bbox 1088 3292 1246 3354; x_wconf 89' lang='lat' dir='ltr'>nusquam</span> <span class='ocrx_word' id='word_1_226' title='bbox 1269 3253 1352 3338; x_wconf 90' lang='lat' dir='ltr'>totos</span> 
     </span>
     <span class='ocr_line' id='line_1_28' title="bbox 175 3380 1352 3467; baseline -0.003 -17"><span class='ocrx_word' id='word_1_227' title='bbox 175 3403 291 3450; x_wconf 89' lang='lat' dir='ltr'>versus</span> <span class='ocrx_word' id='word_1_228' title='bbox 326 3382 436 3449; x_wconf 86' lang='lat' dir='ltr'>afferri</span> <span class='ocrx_word' id='word_1_229' title='bbox 463 3382 618 3449; x_wconf 86' lang='lat' dir='ltr'>uidemus.</span> <span class='ocrx_word' id='word_1_230' title='bbox 668 3383 714 3447; x_wconf 83' lang='lat' dir='ltr'>At</span> <span class='ocrx_word' id='word_1_231' title='bbox 743 3380 866 3448; x_wconf 88' lang='lat' dir='ltr'>Nonius</span> <span class='ocrx_word' id='word_1_232' title='bbox 902 3384 986 3448; x_wconf 89' lang='lat' dir='ltr'>solet</span> <span class='ocrx_word' id='word_1_233' title='bbox 1012 3387 1102 3449; x_wconf 91' lang='lat' dir='ltr'>totos</span> <span class='ocrx_word' id='word_1_234' title='bbox 1124 3403 1250 3467; x_wconf 82' lang='lat' dir='ltr'>versus,</span> <span class='ocrx_word' id='word_1_235' title='bbox 1284 3388 1352 3448; x_wconf 89' lang='lat' dir='ltr'>tota</span> 
     </span>
     <span class='ocr_line' id='line_1_29' title="bbox 175 3493 1353 3576; baseline -0.002 -16"><span class='ocrx_word' id='word_1_236' title='bbox 175 3494 345 3564; x_wconf 89' lang='lat' dir='ltr'>enuntiata</span> <span class='ocrx_word' id='word_1_237' title='bbox 385 3493 534 3576; x_wconf 77' lang='lat' dir='ltr'>(Hennig.</span> <span class='ocrx_word' id='word_1_238' title='bbox 571 3499 614 3565; x_wconf 79' lang='lat' dir='ltr'>b.)</span> <span class='ocrx_word' id='word_1_239' title='bbox 649 3493 775 3559; x_wconf 86' lang='lat' dir='ltr'>afferre.</span> <span class='ocrx_word' id='word_1_240' title='bbox 822 3493 944 3560; x_wconf 91' lang='lat' dir='ltr'>Versus</span> <span class='ocrx_word' id='word_1_241' title='bbox 972 3493 1075 3576; x_wconf 91' lang='lat' dir='ltr'>igitur</span> <span class='ocrx_word' id='word_1_242' title='bbox 1108 3500 1197 3560; x_wconf 88' lang='lat' dir='ltr'>certe</span> <span class='ocrx_word' id='word_1_243' title='bbox 1224 3514 1288 3559; x_wconf 91' lang='lat' dir='ltr'>non</span> <span class='ocrx_word' id='word_1_244' title='bbox 1315 3515 1353 3559; x_wconf 94' lang='lat' dir='ltr'>ex</span> 
     </span>
     <span class='ocr_line' id='line_1_30' title="bbox 175 3603 1351 3687; baseline 0 -17"><span class='ocrx_word' id='word_1_245' title='bbox 175 3605 417 3672; x_wconf 89' lang='lat' dir='ltr'>commentariis</span> <span class='ocrx_word' id='word_1_246' title='bbox 439 3604 567 3686; x_wconf 87' lang='lat' dir='ltr'>petivit.</span> <span class='ocrx_word' id='word_1_247' title='bbox 620 3603 812 3671; x_wconf 88' lang='lat' dir='ltr'>Necessario</span> <span class='ocrx_word' id='word_1_248' title='bbox 843 3610 1013 3685; x_wconf 89' lang='lat' dir='ltr'>praeterea</span> <span class='ocrx_word' id='word_1_249' title='bbox 1035 3606 1122 3687; x_wconf 90' lang='lat' dir='ltr'>apud</span> <span class='ocrx_word' id='word_1_250' title='bbox 1144 3605 1226 3671; x_wconf 88' lang='lat' dir='ltr'>alios</span> <span class='ocrx_word' id='word_1_251' title='bbox 1250 3625 1351 3686; x_wconf 88' lang='lat' dir='ltr'>gram-</span> 
     </span>
     <span class='ocr_line' id='line_1_31' title="bbox 174 3715 1349 3798; baseline 0 -17"><span class='ocrx_word' id='word_1_252' title='bbox 174 3716 311 3781; x_wconf 88' lang='lat' dir='ltr'>maticos</span> <span class='ocrx_word' id='word_1_253' title='bbox 345 3721 379 3782; x_wconf 93' lang='lat' dir='ltr'>et</span> <span class='ocrx_word' id='word_1_254' title='bbox 413 3715 615 3797; x_wconf 88' lang='lat' dir='ltr'>antiquarios</span> <span class='ocrx_word' id='word_1_255' title='bbox 652 3715 748 3781; x_wconf 91' lang='lat' dir='ltr'>iidem</span> <span class='ocrx_word' id='word_1_256' title='bbox 783 3735 898 3782; x_wconf 90' lang='lat' dir='ltr'>versus</span> <span class='ocrx_word' id='word_1_257' title='bbox 934 3721 1153 3798; x_wconf 88' lang='lat' dir='ltr'>oecmrerent,</span> <span class='ocrx_word' id='word_1_258' title='bbox 1188 3736 1259 3782; x_wconf 87' lang='lat' dir='ltr'>curn</span> <span class='ocrx_word' id='word_1_259' title='bbox 1292 3736 1349 3781; x_wconf 91' lang='lat' dir='ltr'>non</span> 
     </span>
     <span class='ocr_line' id='line_1_32' title="bbox 174 3825 1351 3893; baseline -0.002 0"><span class='ocrx_word' id='word_1_260' title='bbox 174 3826 350 3893; x_wconf 89' lang='lat' dir='ltr'>verisimile</span> <span class='ocrx_word' id='word_1_261' title='bbox 374 3826 418 3892; x_wconf 88' lang='lat' dir='ltr'>sit</span> <span class='ocrx_word' id='word_1_262' title='bbox 442 3825 579 3893; x_wconf 86' lang='lat' dir='ltr'>Nonium</span> <span class='ocrx_word' id='word_1_263' title='bbox 604 3828 705 3892; x_wconf 91' lang='lat' dir='ltr'>solum</span> <span class='ocrx_word' id='word_1_264' title='bbox 725 3826 967 3892; x_wconf 88' lang='lat' dir='ltr'>commentariis</span> <span class='ocrx_word' id='word_1_265' title='bbox 989 3826 1054 3892; x_wconf 91' lang='lat' dir='ltr'>illis</span> <span class='ocrx_word' id='word_1_266' title='bbox 1077 3847 1170 3893; x_wconf 90' lang='lat' dir='ltr'>usum</span> <span class='ocrx_word' id='word_1_267' title='bbox 1195 3846 1277 3892; x_wconf 89' lang='lat' dir='ltr'>esse.</span> <span class='ocrx_word' id='word_1_268' title='bbox 1312 3826 1351 3891; x_wconf 81' lang='lat' dir='ltr'>Et</span> 
     </span>
     <span class='ocr_line' id='line_1_33' title="bbox 175 3937 1349 4021; baseline 0 -18"><span class='ocrx_word' id='word_1_269' title='bbox 175 3939 214 4003; x_wconf 90' lang='lat' dir='ltr'>de</span> <span class='ocrx_word' id='word_1_270' title='bbox 230 3938 378 4004; x_wconf 87' lang='lat' dir='ltr'>Terentio</span> <span class='ocrx_word' id='word_1_271' title='bbox 395 3937 522 4019; x_wconf 86' lang='lat' dir='ltr'>quidem</span> <span class='ocrx_word' id='word_1_272' title='bbox 537 3937 764 4003; x_wconf 89' lang='lat' dir='ltr'>Bartelsius</span> <span class='ocrx_word' id='word_1_273' title='bbox 782 3937 850 4017; x_wconf 87' lang='lat' dir='ltr'>(De</span> <span class='ocrx_word' id='word_1_274' title='bbox 869 3938 1177 4004; x_wconf 69' lang='grc'><strong>1000111010010110</strong></span> <span class='ocrx_word' id='word_1_275' title='bbox 1200 3940 1349 4021; x_wconf 70' lang='grc'><strong>0011100.</strong></span> 
     </span>
     <span class='ocr_line' id='line_1_34' title="bbox 174 4046 1351 4131; baseline -0.001 -16"><span class='ocrx_word' id='word_1_276' title='bbox 174 4057 310 4116; x_wconf 74' lang='grc'><strong>0010010.</strong></span> <span class='ocrx_word' id='word_1_277' title='bbox 355 4051 529 4131; x_wconf 81' lang='lat' dir='ltr'>Argentor.</span> <span class='ocrx_word' id='word_1_278' title='bbox 557 4051 650 4127; x_wconf 83' lang='grc'><strong>1884)</strong></span> <span class='ocrx_word' id='word_1_279' title='bbox 674 4069 704 4129; x_wconf 95' lang='lat' dir='ltr'>p.</span> <span class='ocrx_word' id='word_1_280' title='bbox 728 4051 866 4114; x_wconf 73' lang='lat'><strong>20-28.</strong></span> <span class='ocrx_word' id='word_1_281' title='bbox 901 4049 1073 4113; x_wconf 90' lang='lat' dir='ltr'>ostendere</span> <span class='ocrx_word' id='word_1_282' title='bbox 1107 4049 1234 4114; x_wconf 89' lang='lat' dir='ltr'>studuit</span> <span class='ocrx_word' id='word_1_283' title='bbox 1262 4046 1351 4114; x_wconf 89' lang='lat' dir='ltr'>Nonii</span> 
     </span>
     <span class='ocr_line' id='line_1_35' title="bbox 174 4158 1350 4243; baseline -0.002 -16"><span class='ocrx_word' id='word_1_284' title='bbox 174 4180 291 4227; x_wconf 87' lang='lat' dir='ltr'>versus</span> <span class='ocrx_word' id='word_1_285' title='bbox 315 4160 530 4228; x_wconf 79' lang='lat' dir='ltr'>l&#39;erentianos</span> <span class='ocrx_word' id='word_1_286' title='bbox 565 4161 651 4241; x_wconf 90' lang='lat' dir='ltr'>apud</span> <span class='ocrx_word' id='word_1_287' title='bbox 673 4160 755 4226; x_wconf 88' lang='lat' dir='ltr'>alios</span> <span class='ocrx_word' id='word_1_288' title='bbox 789 4179 916 4242; x_wconf 91' lang='lat' dir='ltr'>quoque</span> <span class='ocrx_word' id='word_1_289' title='bbox 943 4158 1174 4240; x_wconf 88' lang='lat' dir='ltr'>grammaticos</span> <span class='ocrx_word' id='word_1_290' title='bbox 1207 4159 1350 4243; x_wconf 85' lang='lat' dir='ltr'>inveniri,</span> 
     </span>
     <span class='ocr_line' id='line_1_36' title="bbox 175 4271 1349 4356; baseline 0.001 -18"><span class='ocrx_word' id='word_1_291' title='bbox 175 4272 230 4356; x_wconf 89' lang='lat' dir='ltr'>qui</span> <span class='ocrx_word' id='word_1_292' title='bbox 252 4273 482 4340; x_wconf 89' lang='lat' dir='ltr'>commentario</span> <span class='ocrx_word' id='word_1_293' title='bbox 506 4280 543 4342; x_wconf 92' lang='lat' dir='ltr'>ut</span> <span class='ocrx_word' id='word_1_294' title='bbox 566 4272 726 4339; x_wconf 92' lang='lat' dir='ltr'>communi</span> <span class='ocrx_word' id='word_1_295' title='bbox 750 4271 835 4338; x_wconf 85' lang='lat' dir='ltr'>fonti</span> <span class='ocrx_word' id='word_1_296' title='bbox 857 4272 1046 4337; x_wconf 90' lang='lat' dir='ltr'>debeantur.</span> <span class='ocrx_word' id='word_1_297' title='bbox 1092 4272 1154 4336; x_wconf 69' lang='lat' dir='ltr'>a&#39;ed</span> <span class='ocrx_word' id='word_1_298' title='bbox 1177 4273 1216 4338; x_wconf 87' lang='lat' dir='ltr'>de</span> <span class='ocrx_word' id='word_1_299' title='bbox 1241 4272 1349 4340; x_wconf 89' lang='lat' dir='ltr'>Plauto</span> 
     </span>
    </p>
   </div>
   <div class='ocr_carea' id='block_1_3' title="bbox 0 0 1468 4909">
    <p class='ocr_par' dir='ltr' id='par_1_3' title="bbox 0 0 1468 4909">
     <span class='ocr_line' id='line_1_37' title="bbox 0 0 1468 4909; baseline 0 0"><span class='ocrx_word' id='word_1_300' title='bbox 0 0 1468 4909; x_wconf 95' lang='lat' dir='ltr'> </span> 
     </span>
    </p>
   </div>
  </div>
 </body>
</html>
