<?xml version="1.0" encoding="UTF-8"?>
<!DOCTYPE html PUBLIC "-//W3C//DTD XHTML 1.0 Transitional//EN"
    "http://www.w3.org/TR/xhtml1/DTD/xhtml1-transitional.dtd">
<html xmlns="http://www.w3.org/1999/xhtml" xml:lang="en" lang="en">
 <head>
  <title>
</title>
<meta http-equiv="Content-Type" content="text/html;charset=utf-8" />
  <meta name='ocr-system' content='tesseract 3.04.00' />
  <meta name='ocr-capabilities' content='ocr_page ocr_carea ocr_par ocr_line ocrx_word'/>
</head>
<body>
  <div class='ocr_page' id='page_1' title='image "./denoniomarcello00froegoog_0048.png"; bbox 0 0 2925 4909; ppageno 0'>
   <div class='ocr_carea' id='block_1_1' title="bbox 644 308 857 371">
    <p class='ocr_par' dir='ltr' id='par_1_1' title="bbox 644 308 857 371">
     <span class='ocr_line' id='line_1_1' title="bbox 644 308 857 371; baseline 0 -20"><span class='ocrx_word' id='word_1_1' title='bbox 644 308 857 371; x_wconf 71' lang='lat'><strong>„33-</strong></span> 
     </span>
    </p>
   </div>
   <div class='ocr_carea' id='block_1_2' title="bbox 160 495 1343 785">
    <p class='ocr_par' dir='ltr' id='par_1_2' title="bbox 160 495 1343 785">
     <span class='ocr_line' id='line_1_2' title="bbox 160 495 1343 578; baseline -0.002 -17"><span class='ocrx_word' id='word_1_2' title='bbox 160 501 314 578; x_wconf 89' lang='lat' dir='ltr'>mentum,</span> <span class='ocrx_word' id='word_1_3' title='bbox 339 496 423 577; x_wconf 88' lang='lat' dir='ltr'>quod</span> <span class='ocrx_word' id='word_1_4' title='bbox 438 495 592 560; x_wconf 87' lang='lat' dir='ltr'>Afranius</span> <span class='ocrx_word' id='word_1_5' title='bbox 615 495 678 560; x_wconf 88' lang='lat' dir='ltr'>ait:</span> <span class='ocrx_word' id='word_1_6' title='bbox 703 496 822 577; x_wconf 73' lang='lat' dir='ltr'>‚puella</span> <span class='ocrx_word' id='word_1_7' title='bbox 835 515 898 560; x_wconf 91' lang='lat' dir='ltr'>non</span> <span class='ocrx_word' id='word_1_8' title='bbox 916 515 996 575; x_wconf 89' lang='lat' dir='ltr'>snm,</span> <span class='ocrx_word' id='word_1_9' title='bbox 1021 516 1162 576; x_wconf 88' lang='lat' dir='ltr'>supparo</span> <span class='ocrx_word' id='word_1_10' title='bbox 1183 496 1209 560; x_wconf 90' lang='lat' dir='ltr'>si</span> <span class='ocrx_word' id='word_1_11' title='bbox 1223 495 1343 560; x_wconf 84' lang='lat' dir='ltr'>induta</span> 
     </span>
     <span class='ocr_line' id='line_1_3' title="bbox 161 604 1340 689; baseline -0.002 -17"><span class='ocrx_word' id='word_1_12' title='bbox 161 604 252 673; x_wconf 85' lang='lat' dir='ltr'>sum&#39;.</span> <span class='ocrx_word' id='word_1_13' title='bbox 308 606 354 672; x_wconf 81' lang='lat' dir='ltr'>Cf.</span> <span class='ocrx_word' id='word_1_14' title='bbox 386 605 476 671; x_wconf 81' lang='lat' dir='ltr'>rest.</span> <span class='ocrx_word' id='word_1_15' title='bbox 507 606 578 672; x_wconf 82' lang='lat' dir='ltr'>XV.</span> <span class='ocrx_word' id='word_1_16' title='bbox 616 611 663 672; x_wconf 77' lang='grc'>15.</span> <span class='ocrx_word' id='word_1_17' title='bbox 697 609 746 672; x_wconf 81' lang='grc'>17.</span> <span class='ocrx_word' id='word_1_18' title='bbox 781 607 945 689; x_wconf 87' lang='lat' dir='ltr'>siparium.</span> <span class='ocrx_word' id='word_1_19' title='bbox 1002 606 1129 671; x_wconf 84' lang='lat' dir='ltr'>Afranii</span> <span class='ocrx_word' id='word_1_20' title='bbox 1161 606 1340 686; x_wconf 84' lang='lat' dir='ltr'>exemplum</span> 
     </span>
     <span class='ocr_line' id='line_1_4' title="bbox 160 716 1334 785; baseline -0.002 -2"><span class='ocrx_word' id='word_1_21' title='bbox 160 719 316 784; x_wconf 87' lang='lat' dir='ltr'>ambobus</span> <span class='ocrx_word' id='word_1_22' title='bbox 339 736 504 783; x_wconf 89' lang='lat' dir='ltr'>commune</span> <span class='ocrx_word' id='word_1_23' title='bbox 530 721 639 783; x_wconf 87' lang='lat' dir='ltr'>utrum</span> <span class='ocrx_word' id='word_1_24' title='bbox 667 718 759 785; x_wconf 90' lang='lat' dir='ltr'>casui</span> <span class='ocrx_word' id='word_1_25' title='bbox 782 718 983 783; x_wconf 86' lang='lat' dir='ltr'>tribuendum</span> <span class='ocrx_word' id='word_1_26' title='bbox 1013 717 1058 783; x_wconf 86' lang='lat' dir='ltr'>sit</span> <span class='ocrx_word' id='word_1_27' title='bbox 1087 737 1187 785; x_wconf 90' lang='lat' dir='ltr'>necne</span> <span class='ocrx_word' id='word_1_28' title='bbox 1217 716 1334 783; x_wconf 89' lang='lat' dir='ltr'>nescio.</span> 
     </span>
    </p>
   </div>
   <div class='ocr_carea' id='block_1_3' title="bbox 160 939 1348 3363">
    <p class='ocr_par' dir='ltr' id='par_1_3' title="bbox 160 939 1348 3363">
     <span class='ocr_line' id='line_1_5' title="bbox 248 939 1333 1023; baseline 0.005 -21"><span class='ocrx_word' id='word_1_29' title='bbox 248 939 300 1006; x_wconf 86' lang='lat' dir='ltr'>Vl.</span> <span class='ocrx_word' id='word_1_30' title='bbox 333 940 504 1021; x_wconf 90' lang='lat' dir='ltr'>Denique</span> <span class='ocrx_word' id='word_1_31' title='bbox 528 940 702 1022; x_wconf 89' lang='lat' dir='ltr'>quinque</span> <span class='ocrx_word' id='word_1_32' title='bbox 728 941 886 1023; x_wconf 82' lang='lat' dir='ltr'><strong>glossas</strong></span> <span class='ocrx_word' id='word_1_33' title='bbox 912 940 950 1006; x_wconf 92' lang='lat' dir='ltr'>in</span> <span class='ocrx_word' id='word_1_34' title='bbox 977 940 1141 1007; x_wconf 92' lang='lat' dir='ltr'>medium</span> <span class='ocrx_word' id='word_1_35' title='bbox 1165 941 1333 1023; x_wconf 82' lang='lat' dir='ltr'>profero,</span> 
     </span>
     <span class='ocr_line' id='line_1_6' title="bbox 161 1051 1335 1134; baseline -0.001 -16"><span class='ocrx_word' id='word_1_36' title='bbox 161 1072 321 1133; x_wconf 88' lang='lat' dir='ltr'>quarum</span> <span class='ocrx_word' id='word_1_37' title='bbox 359 1052 536 1133; x_wconf 81' lang='lat' dir='ltr'>exempla</span> <span class='ocrx_word' id='word_1_38' title='bbox 570 1051 758 1118; x_wconf 89' lang='lat' dir='ltr'>Plautina</span> <span class='ocrx_word' id='word_1_39' title='bbox 796 1053 897 1134; x_wconf 87' lang='lat' dir='ltr'>apnd</span> <span class='ocrx_word' id='word_1_40' title='bbox 931 1051 1094 1118; x_wconf 88' lang='lat' dir='ltr'>Nonium</span> <span class='ocrx_word' id='word_1_41' title='bbox 1133 1053 1335 1119; x_wconf 80' lang='lat' dir='ltr'>subseciva</span> 
     </span>
     <span class='ocr_line' id='line_1_7' title="bbox 162 1162 1337 1247; baseline -0.002 -18"><span class='ocrx_word' id='word_1_42' title='bbox 162 1171 260 1229; x_wconf 87' lang='lat' dir='ltr'>sunt.</span> <span class='ocrx_word' id='word_1_43' title='bbox 308 1166 339 1244; x_wconf 86' lang='grc'>1)</span> <span class='ocrx_word' id='word_1_44' title='bbox 363 1162 443 1229; x_wconf 90' lang='lat' dir='ltr'>Non.</span> <span class='ocrx_word' id='word_1_45' title='bbox 472 1165 518 1227; x_wconf 84' lang='lat'>13.</span> <span class='ocrx_word' id='word_1_46' title='bbox 544 1186 672 1246; x_wconf 84' lang='lat' dir='ltr'>crepera</span> <span class='ocrx_word' id='word_1_47' title='bbox 694 1184 748 1230; x_wconf 89' lang='lat' dir='ltr'>res</span> <span class='ocrx_word' id='word_1_48' title='bbox 771 1163 902 1245; x_wconf 78' lang='lat' dir='ltr'><strong>proprie</strong></span> <span class='ocrx_word' id='word_1_49' title='bbox 925 1163 1042 1230; x_wconf 88' lang='lat' dir='ltr'>dicitnr</span> <span class='ocrx_word' id='word_1_50' title='bbox 1064 1165 1176 1247; x_wconf 82' lang='lat' dir='ltr'>dubia,</span> <span class='ocrx_word' id='word_1_51' title='bbox 1199 1165 1281 1231; x_wconf 93' lang='lat' dir='ltr'>unde</span> <span class='ocrx_word' id='word_1_52' title='bbox 1304 1171 1337 1227; x_wconf 90' lang='lat' dir='ltr'>et</span> 
     </span>
     <span class='ocr_line' id='line_1_8' title="bbox 161 1274 1338 1357; baseline 0.002 -18"><span class='ocrx_word' id='word_1_53' title='bbox 161 1276 385 1357; x_wconf 78' lang='lat' dir='ltr'>crepusculum</span> <span class='ocrx_word' id='word_1_54' title='bbox 400 1274 519 1340; x_wconf 90' lang='lat' dir='ltr'>dicitur</span> <span class='ocrx_word' id='word_1_55' title='bbox 533 1276 589 1340; x_wconf 84' lang='lat' dir='ltr'>lux</span> <span class='ocrx_word' id='word_1_56' title='bbox 603 1276 700 1341; x_wconf 90' lang='lat' dir='ltr'>dubia</span> <span class='ocrx_word' id='word_1_57' title='bbox 712 1281 746 1340; x_wconf 90' lang='lat' dir='ltr'>et</span> <span class='ocrx_word' id='word_1_58' title='bbox 761 1294 873 1341; x_wconf 86' lang='lat' dir='ltr'>senes</span> <span class='ocrx_word' id='word_1_59' title='bbox 889 1274 1089 1355; x_wconf 79' lang='lat' dir='ltr'>decrepiti</span> <span class='ocrx_word' id='word_1_60' title='bbox 1102 1274 1183 1340; x_wconf 89' lang='lat' dir='ltr'>dicti</span> <span class='ocrx_word' id='word_1_61' title='bbox 1195 1275 1227 1340; x_wconf 91' lang='lat' dir='ltr'>iu</span> <span class='ocrx_word' id='word_1_62' title='bbox 1243 1274 1338 1341; x_wconf 88' lang='lat' dir='ltr'>dubio</span> 
     </span>
     <span class='ocr_line' id='line_1_9' title="bbox 160 1385 1339 1468; baseline -0.003 -15"><span class='ocrx_word' id='word_1_63' title='bbox 160 1386 250 1453; x_wconf 87' lang='lat' dir='ltr'>vitae</span> <span class='ocrx_word' id='word_1_64' title='bbox 262 1387 444 1453; x_wconf 88' lang='lat' dir='ltr'>constituti.</span> <span class='ocrx_word' id='word_1_65' title='bbox 479 1385 651 1468; x_wconf 80' lang='lat' dir='ltr'>Creperunr</span> <span class='ocrx_word' id='word_1_66' title='bbox 672 1387 790 1452; x_wconf 90' lang='lat' dir='ltr'>bellum</span> <span class='ocrx_word' id='word_1_67' title='bbox 810 1406 931 1468; x_wconf 85' lang='lat' dir='ltr'>auceps</span> <span class='ocrx_word' id='word_1_68' title='bbox 948 1391 982 1451; x_wconf 93' lang='lat' dir='ltr'>et</span> <span class='ocrx_word' id='word_1_69' title='bbox 999 1385 1139 1451; x_wconf 88' lang='lat' dir='ltr'>dubium.</span> <span class='ocrx_word' id='word_1_70' title='bbox 1175 1387 1339 1453; x_wconf 84' lang='lat' dir='ltr'>Lucret...</span> 
     </span>
     <span class='ocr_line' id='line_1_10' title="bbox 160 1490 1341 1580; baseline 0 -17"><span class='ocrx_word' id='word_1_71' title='bbox 160 1497 320 1564; x_wconf 89' lang='lat' dir='ltr'>Accius..</span> <span class='ocrx_word' id='word_1_72' title='bbox 336 1551 342 1563; x_wconf 92' lang='lat'>.</span> <span class='ocrx_word' id='word_1_73' title='bbox 375 1497 476 1564; x_wconf 88' lang='lat' dir='ltr'>Lucil.</span> <span class='ocrx_word' id='word_1_74' title='bbox 490 1547 518 1562; x_wconf 86' lang='lat'>..</span> <span class='ocrx_word' id='word_1_75' title='bbox 547 1497 664 1563; x_wconf 89' lang='lat' dir='ltr'>Pacuv.</span> <span class='ocrx_word' id='word_1_76' title='bbox 683 1549 689 1562; x_wconf 94' lang='lat'>.</span> <span class='ocrx_word' id='word_1_77' title='bbox 709 1547 715 1560; x_wconf 95' lang='lat'>.</span> <span class='ocrx_word' id='word_1_78' title='bbox 739 1497 873 1563; x_wconf 87' lang='lat' dir='ltr'>Plautus</span> <span class='ocrx_word' id='word_1_79' title='bbox 889 1498 922 1562; x_wconf 92' lang='lat' dir='ltr'>in</span> <span class='ocrx_word' id='word_1_80' title='bbox 938 1490 1106 1563; x_wconf 80' lang='lat' dir='ltr'>Asinaria:</span> <span class='ocrx_word' id='word_1_81' title='bbox 1132 1498 1197 1580; x_wconf 84' lang='lat' dir='ltr'>,qni</span> <span class='ocrx_word' id='word_1_82' title='bbox 1212 1498 1341 1579; x_wconf 92' lang='lat' dir='ltr'>quidem</span> 
     </span>
     <span class='ocr_line' id='line_1_11' title="bbox 161 1606 1341 1691; baseline -0.001 -17"><span class='ocrx_word' id='word_1_83' title='bbox 161 1606 1341 1691; x_wconf 80' lang='lat' dir='ltr'>cumfiliopotestunaatqueunaamicamductetdecrepitussencx&#39;.</span> 
     </span>
     <span class='ocr_line' id='line_1_12' title="bbox 162 1719 1343 1803; baseline 0.003 -21"><span class='ocrx_word' id='word_1_84' title='bbox 162 1719 330 1784; x_wconf 86' lang='lat' dir='ltr'>Varro...</span> <span class='ocrx_word' id='word_1_85' title='bbox 354 1719 443 1786; x_wconf 88' lang='lat' dir='ltr'>Paul.</span> <span class='ocrx_word' id='word_1_86' title='bbox 460 1723 510 1784; x_wconf 81' lang='lat'>54.</span> <span class='ocrx_word' id='word_1_87' title='bbox 527 1720 702 1803; x_wconf 76' lang='lat' dir='ltr'>decrepitas</span> <span class='ocrx_word' id='word_1_88' title='bbox 717 1725 770 1785; x_wconf 90' lang='lat' dir='ltr'>est</span> <span class='ocrx_word' id='word_1_89' title='bbox 786 1721 981 1802; x_wconf 86' lang='lat' dir='ltr'>desperatus</span> <span class='ocrx_word' id='word_1_90' title='bbox 997 1740 1166 1801; x_wconf 89' lang='lat' dir='ltr'>crepera</span> <span class='ocrx_word' id='word_1_91' title='bbox 1181 1719 1243 1785; x_wconf 89' lang='lat' dir='ltr'>iam</span> <span class='ocrx_word' id='word_1_92' title='bbox 1260 1720 1343 1802; x_wconf 84' lang='lat' dir='ltr'>vita,</span> 
     </span>
     <span class='ocr_line' id='line_1_13' title="bbox 162 1830 1344 1914; baseline 0.001 -18"><span class='ocrx_word' id='word_1_93' title='bbox 162 1834 199 1896; x_wconf 92' lang='lat' dir='ltr'>ut</span> <span class='ocrx_word' id='word_1_94' title='bbox 233 1830 505 1911; x_wconf 88' lang='lat' dir='ltr'>crepusculum</span> <span class='ocrx_word' id='word_1_95' title='bbox 541 1835 718 1897; x_wconf 84' lang='lat' dir='ltr'>extremum</span> <span class='ocrx_word' id='word_1_96' title='bbox 755 1830 819 1896; x_wconf 90' lang='lat' dir='ltr'>diei</span> <span class='ocrx_word' id='word_1_97' title='bbox 856 1837 993 1914; x_wconf 80' lang='lat' dir='ltr'>tempus,</span> <span class='ocrx_word' id='word_1_98' title='bbox 1050 1832 1125 1898; x_wconf 83' lang='lat' dir='ltr'>Sive</span> <span class='ocrx_word' id='word_1_99' title='bbox 1158 1831 1344 1913; x_wconf 89' lang='lat' dir='ltr'>decrepitus</span> 
     </span>
     <span class='ocr_line' id='line_1_14' title="bbox 162 1941 1345 2023; baseline 0.001 -17"><span class='ocrx_word' id='word_1_100' title='bbox 162 1941 283 2023; x_wconf 59' lang='lat' dir='ltr'>dictus</span> <span class='ocrx_word' id='word_1_101' title='bbox 318 1941 393 2022; x_wconf 83' lang='lat' dir='ltr'>quia</span> <span class='ocrx_word' id='word_1_102' title='bbox 426 1946 560 2023; x_wconf 89' lang='lat' dir='ltr'>propter</span> <span class='ocrx_word' id='word_1_103' title='bbox 593 1946 795 2008; x_wconf 87' lang='lat' dir='ltr'>senectutem</span> <span class='ocrx_word' id='word_1_104' title='bbox 828 1961 888 2008; x_wconf 89' lang='lat' dir='ltr'>nec</span> <span class='ocrx_word' id='word_1_105' title='bbox 922 1963 1052 2010; x_wconf 88' lang='lat' dir='ltr'>movere</span> <span class='ocrx_word' id='word_1_106' title='bbox 1086 1963 1121 2009; x_wconf 89' lang='lat' dir='ltr'>se</span> <span class='ocrx_word' id='word_1_107' title='bbox 1152 1962 1212 2008; x_wconf 91' lang='lat' dir='ltr'>nec</span> <span class='ocrx_word' id='word_1_108' title='bbox 1241 1942 1345 2008; x_wconf 87' lang='lat' dir='ltr'>ullum</span> 
     </span>
     <span class='ocr_line' id='line_1_15' title="bbox 161 2052 1344 2136; baseline 0.003 -20"><span class='ocrx_word' id='word_1_109' title='bbox 161 2052 271 2116; x_wconf 84' lang='lat' dir='ltr'>facere</span> <span class='ocrx_word' id='word_1_110' title='bbox 285 2056 397 2133; x_wconf 89' lang='lat' dir='ltr'>potest</span> <span class='ocrx_word' id='word_1_111' title='bbox 412 2053 579 2135; x_wconf 90' lang='lat' dir='ltr'>crepitum.</span> <span class='ocrx_word' id='word_1_112' title='bbox 597 2090 638 2099; x_wconf 89' lang='lat'><em>-</em></span> <span class='ocrx_word' id='word_1_113' title='bbox 654 2052 750 2120; x_wconf 89' lang='lat' dir='ltr'>Nonii</span> <span class='ocrx_word' id='word_1_114' title='bbox 764 2054 882 2119; x_wconf 89' lang='lat' dir='ltr'>lemma</span> <span class='ocrx_word' id='word_1_115' title='bbox 903 2054 1025 2136; x_wconf 88' lang='lat' dir='ltr'>legitur</span> <span class='ocrx_word' id='word_1_116' title='bbox 1046 2054 1079 2120; x_wconf 93' lang='lat' dir='ltr'>in</span> <span class='ocrx_word' id='word_1_117' title='bbox 1096 2056 1207 2121; x_wconf 90' lang='lat' dir='ltr'>ordine</span> <span class='ocrx_word' id='word_1_118' title='bbox 1222 2054 1344 2120; x_wconf 89' lang='lat' dir='ltr'>Lucre-</span> 
     </span>
     <span class='ocr_line' id='line_1_16' title="bbox 161 2162 1344 2246; baseline 0.003 -19"><span class='ocrx_word' id='word_1_119' title='bbox 161 2164 261 2228; x_wconf 90' lang='lat' dir='ltr'>tiano.</span> <span class='ocrx_word' id='word_1_120' title='bbox 306 2162 426 2229; x_wconf 79' lang='lat' dir='ltr'>Postea</span> <span class='ocrx_word' id='word_1_121' title='bbox 448 2163 550 2245; x_wconf 88' lang='lat' dir='ltr'>igitur</span> <span class='ocrx_word' id='word_1_122' title='bbox 572 2163 695 2231; x_wconf 87' lang='lat' dir='ltr'>Nonius</span> <span class='ocrx_word' id='word_1_123' title='bbox 719 2185 802 2246; x_wconf 90' lang='lat' dir='ltr'>quae</span> <span class='ocrx_word' id='word_1_124' title='bbox 830 2165 864 2230; x_wconf 91' lang='lat' dir='ltr'>in</span> <span class='ocrx_word' id='word_1_125' title='bbox 888 2165 1004 2232; x_wconf 90' lang='lat' dir='ltr'>Plauto</span> <span class='ocrx_word' id='word_1_126' title='bbox 1026 2165 1153 2233; x_wconf 84' lang='lat' dir='ltr'>inuenit</span> <span class='ocrx_word' id='word_1_127' title='bbox 1176 2166 1344 2231; x_wconf 85' lang='lat' dir='ltr'>addidisse</span> 
     </span>
     <span class='ocr_line' id='line_1_17' title="bbox 161 2273 1343 2358; baseline 0.001 -18"><span class='ocrx_word' id='word_1_128' title='bbox 161 2273 299 2340; x_wconf 87' lang='lat' dir='ltr'>videtur.</span> <span class='ocrx_word' id='word_1_129' title='bbox 347 2274 481 2357; x_wconf 84' lang='lat' dir='ltr'>Legitur</span> <span class='ocrx_word' id='word_1_130' title='bbox 513 2275 698 2358; x_wconf 86' lang='lat' dir='ltr'>decrepitus</span> <span class='ocrx_word' id='word_1_131' title='bbox 733 2283 904 2357; x_wconf 86' lang='lat' dir='ltr'>praeterea</span> <span class='ocrx_word' id='word_1_132' title='bbox 926 2277 1024 2342; x_wconf 87' lang='lat' dir='ltr'>Merc.</span> <span class='ocrx_word' id='word_1_133' title='bbox 1050 2281 1079 2341; x_wconf 77' lang='lat'>2.</span> <span class='ocrx_word' id='word_1_134' title='bbox 1104 2280 1132 2341; x_wconf 69' lang='lat'>⁶2.</span> <span class='ocrx_word' id='word_1_135' title='bbox 1157 2280 1207 2341; x_wconf 77' lang='lat'>20.</span> <span class='ocrx_word' id='word_1_136' title='bbox 1232 2282 1266 2341; x_wconf 88' lang='lat' dir='ltr'>et</span> <span class='ocrx_word' id='word_1_137' title='bbox 1288 2280 1343 2341; x_wconf 82' lang='lat'>43.</span> 
     </span>
     <span class='ocr_line' id='line_1_18' title="bbox 161 2384 1345 2470; baseline 0.001 -21"><span class='ocrx_word' id='word_1_138' title='bbox 161 2384 264 2450; x_wconf 85' lang='lat' dir='ltr'>Valde</span> <span class='ocrx_word' id='word_1_139' title='bbox 292 2391 399 2452; x_wconf 89' lang='lat' dir='ltr'>autern</span> <span class='ocrx_word' id='word_1_140' title='bbox 435 2387 604 2453; x_wconf 89' lang='lat' dir='ltr'>dolendum</span> <span class='ocrx_word' id='word_1_141' title='bbox 632 2392 694 2470; x_wconf 85' lang='lat' dir='ltr'>est,</span> <span class='ocrx_word' id='word_1_142' title='bbox 729 2389 814 2469; x_wconf 89' lang='lat' dir='ltr'>quod</span> <span class='ocrx_word' id='word_1_143' title='bbox 836 2388 1009 2470; x_wconf 71' lang='lat' dir='ltr'>nescimus</span> <span class='ocrx_word' id='word_1_144' title='bbox 1044 2388 1096 2453; x_wconf 90' lang='lat' dir='ltr'>cui</span> <span class='ocrx_word' id='word_1_145' title='bbox 1118 2387 1272 2469; x_wconf 91' lang='lat' dir='ltr'>scriptori</span> <span class='ocrx_word' id='word_1_146' title='bbox 1307 2392 1345 2453; x_wconf 90' lang='lat' dir='ltr'>et</span> 
     </span>
     <span class='ocr_line' id='line_1_19' title="bbox 160 2497 1345 2581; baseline 0.001 -19"><span class='ocrx_word' id='word_1_147' title='bbox 160 2497 243 2562; x_wconf 89' lang='lat' dir='ltr'>fonti</span> <span class='ocrx_word' id='word_1_148' title='bbox 265 2497 437 2563; x_wconf 86' lang='lat' dir='ltr'>tribuenda</span> <span class='ocrx_word' id='word_1_149' title='bbox 460 2498 505 2563; x_wconf 90' lang='lat' dir='ltr'>sit</span> <span class='ocrx_word' id='word_1_150' title='bbox 527 2498 639 2579; x_wconf 81' lang='lat' dir='ltr'>glossa</span> <span class='ocrx_word' id='word_1_151' title='bbox 659 2497 827 2565; x_wconf 86' lang='lat' dir='ltr'>Verriana.</span> <span class='ocrx_word' id='word_1_152' title='bbox 866 2500 915 2565; x_wconf 92' lang='lat' dir='ltr'>De</span> <span class='ocrx_word' id='word_1_153' title='bbox 937 2501 1126 2581; x_wconf 86' lang='lat' dir='ltr'>crepusculo</span> <span class='ocrx_word' id='word_1_154' title='bbox 1150 2504 1184 2565; x_wconf 91' lang='lat' dir='ltr'>et</span> <span class='ocrx_word' id='word_1_155' title='bbox 1206 2518 1345 2581; x_wconf 85' lang='lat' dir='ltr'>crepera</span> 
     </span>
     <span class='ocr_line' id='line_1_20' title="bbox 160 2609 1346 2692; baseline 0.001 -18"><span class='ocrx_word' id='word_1_156' title='bbox 160 2629 196 2675; x_wconf 90' lang='lat' dir='ltr'>re</span> <span class='ocrx_word' id='word_1_157' title='bbox 219 2609 286 2691; x_wconf 85' lang='lat' dir='ltr'>egit</span> <span class='ocrx_word' id='word_1_158' title='bbox 310 2609 413 2676; x_wconf 85' lang='lat' dir='ltr'>Varro</span> <span class='ocrx_word' id='word_1_159' title='bbox 437 2610 466 2676; x_wconf 92' lang='lat' dir='ltr'>d.</span> <span class='ocrx_word' id='word_1_160' title='bbox 489 2609 510 2673; x_wconf 91' lang='lat' dir='ltr'>l.</span> <span class='ocrx_word' id='word_1_161' title='bbox 534 2610 554 2675; x_wconf 92' lang='lat' dir='ltr'>l.</span> <span class='ocrx_word' id='word_1_162' title='bbox 580 2613 607 2674; x_wconf 87' lang='grc'>6.</span> <span class='ocrx_word' id='word_1_163' title='bbox 633 2614 661 2675; x_wconf 83' lang='grc'>5.</span> <span class='ocrx_word' id='word_1_164' title='bbox 685 2615 720 2675; x_wconf 92' lang='lat' dir='ltr'>et</span> <span class='ocrx_word' id='word_1_165' title='bbox 744 2613 762 2673; x_wconf 79' lang='lat'><strong>7</strong></span> <span class='ocrx_word' id='word_1_166' title='bbox 798 2615 859 2688; x_wconf 59' lang='lat'>77„</span> <span class='ocrx_word' id='word_1_167' title='bbox 895 2611 952 2676; x_wconf 87' lang='lat' dir='ltr'>sed</span> <span class='ocrx_word' id='word_1_168' title='bbox 976 2611 1135 2692; x_wconf 83' lang='lat' dir='ltr'>decrepiti</span> <span class='ocrx_word' id='word_1_169' title='bbox 1160 2629 1254 2675; x_wconf 87' lang='lat' dir='ltr'>senes</span> <span class='ocrx_word' id='word_1_170' title='bbox 1276 2629 1346 2675; x_wconf 92' lang='lat' dir='ltr'>non</span> 
     </span>
     <span class='ocr_line' id='line_1_21' title="bbox 161 2721 1346 2804; baseline 0 -18"><span class='ocrx_word' id='word_1_171' title='bbox 161 2726 457 2804; x_wconf 86' lang='lat' dir='ltr'>commemorantur,</span> <span class='ocrx_word' id='word_1_172' title='bbox 481 2739 672 2802; x_wconf 88' lang='lat' dir='ltr'>quamquam</span> <span class='ocrx_word' id='word_1_173' title='bbox 698 2722 801 2787; x_wconf 87' lang='lat' dir='ltr'>Varro</span> <span class='ocrx_word' id='word_1_174' title='bbox 824 2722 854 2787; x_wconf 93' lang='lat' dir='ltr'>d.</span> <span class='ocrx_word' id='word_1_175' title='bbox 880 2722 900 2787; x_wconf 92' lang='lat' dir='ltr'>l.</span> <span class='ocrx_word' id='word_1_176' title='bbox 924 2723 945 2787; x_wconf 94' lang='grc' dir='ltr'>Ι.</span> <span class='ocrx_word' id='word_1_177' title='bbox 964 2726 992 2786; x_wconf 86' lang='grc'>7.</span> <span class='ocrx_word' id='word_1_178' title='bbox 1011 2726 1060 2786; x_wconf 83' lang='lat'>77.</span> <span class='ocrx_word' id='word_1_179' title='bbox 1084 2721 1231 2802; x_wconf 77' lang='lat' dir='ltr'>exempla</span> <span class='ocrx_word' id='word_1_180' title='bbox 1245 2721 1346 2786; x_wconf 90' lang='lat' dir='ltr'>Plau·</span> 
     </span>
     <span class='ocr_line' id='line_1_22' title="bbox 161 2831 1346 2914; baseline -0.002 -18"><span class='ocrx_word' id='word_1_181' title='bbox 161 2831 232 2897; x_wconf 92' lang='lat' dir='ltr'>tina</span> <span class='ocrx_word' id='word_1_182' title='bbox 253 2833 356 2899; x_wconf 84' lang='lat' dir='ltr'>affert.</span> <span class='ocrx_word' id='word_1_183' title='bbox 402 2832 449 2897; x_wconf 80' lang='lat' dir='ltr'>uf.</span> <span class='ocrx_word' id='word_1_184' title='bbox 473 2832 562 2898; x_wconf 91' lang='lat' dir='ltr'>Paul.</span> <span class='ocrx_word' id='word_1_185' title='bbox 587 2836 638 2899; x_wconf 80' lang='lat'>40.</span> <span class='ocrx_word' id='word_1_186' title='bbox 664 2852 841 2914; x_wconf 88' lang='lat' dir='ltr'>creperum.</span> <span class='ocrx_word' id='word_1_187' title='bbox 873 2833 998 2898; x_wconf 85' lang='lat' dir='ltr'>Loewe.</span> <span class='ocrx_word' id='word_1_188' title='bbox 1025 2833 1116 2897; x_wconf 90' lang='lat' dir='ltr'>Prod.</span> <span class='ocrx_word' id='word_1_189' title='bbox 1141 2836 1214 2897; x_wconf 83' lang='lat'>405.</span> <span class='ocrx_word' id='word_1_190' title='bbox 1238 2852 1263 2897; x_wconf 87' lang='lat' dir='ltr'>s.</span> <span class='ocrx_word' id='word_1_191' title='bbox 1311 2836 1346 2906; x_wconf 75' lang='lat'>‘&#39;2)</span> 
     </span>
     <span class='ocr_line' id='line_1_23' title="bbox 162 2942 1348 3028; baseline -0.004 -16"><span class='ocrx_word' id='word_1_192' title='bbox 162 2944 242 3014; x_wconf 84' lang='lat' dir='ltr'>Non.</span> <span class='ocrx_word' id='word_1_193' title='bbox 267 2948 317 3010; x_wconf 77' lang='lat'>22.</span> <span class='ocrx_word' id='word_1_194' title='bbox 339 2946 448 3028; x_wconf 80' lang='lat' dir='ltr'>pliscit</span> <span class='ocrx_word' id='word_1_195' title='bbox 480 2950 533 3011; x_wconf 88' lang='lat' dir='ltr'>est</span> <span class='ocrx_word' id='word_1_196' title='bbox 555 2943 750 3011; x_wconf 87' lang='lat' dir='ltr'>concalescit</span> <span class='ocrx_word' id='word_1_197' title='bbox 783 2950 818 3009; x_wconf 92' lang='lat' dir='ltr'>et</span> <span class='ocrx_word' id='word_1_198' title='bbox 852 2943 1018 3026; x_wconf 81' lang='lat' dir='ltr'>colligitur</span> <span class='ocrx_word' id='word_1_199' title='bbox 1051 2945 1105 3010; x_wconf 86' lang='lat' dir='ltr'>vel</span> <span class='ocrx_word' id='word_1_200' title='bbox 1139 2942 1257 3008; x_wconf 86' lang='lat' dir='ltr'>crescit</span> <span class='ocrx_word' id='word_1_201' title='bbox 1290 2943 1348 3008; x_wconf 90' lang='lat' dir='ltr'>vel</span> 
     </span>
     <span class='ocr_line' id='line_1_24' title="bbox 160 3053 1345 3139; baseline -0.005 -16"><span class='ocrx_word' id='word_1_202' title='bbox 160 3057 309 3139; x_wconf 88' lang='lat' dir='ltr'>ignescit.</span> <span class='ocrx_word' id='word_1_203' title='bbox 369 3056 488 3139; x_wconf 91' lang='lat' dir='ltr'>Turpil.</span> <span class='ocrx_word' id='word_1_204' title='bbox 505 3103 535 3118; x_wconf 91' lang='lat'>..</span> <span class='ocrx_word' id='word_1_205' title='bbox 572 3056 690 3122; x_wconf 88' lang='lat' dir='ltr'>Accius</span> <span class='ocrx_word' id='word_1_206' title='bbox 708 3108 714 3121; x_wconf 94' lang='lat'>.</span> <span class='ocrx_word' id='word_1_207' title='bbox 734 3107 766 3121; x_wconf 88' lang='lat'>..</span> <span class='ocrx_word' id='word_1_208' title='bbox 802 3055 920 3123; x_wconf 89' lang='lat' dir='ltr'>Pacur.</span> <span class='ocrx_word' id='word_1_209' title='bbox 939 3105 969 3122; x_wconf 90' lang='grc'>..</span> <span class='ocrx_word' id='word_1_210' title='bbox 1006 3055 1164 3121; x_wconf 86' lang='lat' dir='ltr'>Sallust..</span> <span class='ocrx_word' id='word_1_211' title='bbox 1201 3053 1290 3134; x_wconf 85' lang='lat' dir='ltr'>Virg.</span> <span class='ocrx_word' id='word_1_212' title='bbox 1311 3103 1345 3119; x_wconf 91' lang='lat'>..</span> 
     </span>
     <span class='ocr_line' id='line_1_25' title="bbox 161 3166 1346 3251; baseline -0.003 -17"><span class='ocrx_word' id='word_1_213' title='bbox 161 3170 210 3250; x_wconf 64' lang='lat' dir='ltr'>lli,</span> <span class='ocrx_word' id='word_1_214' title='bbox 232 3168 312 3234; x_wconf 81' lang='lat' dir='ltr'>lull.</span> <span class='ocrx_word' id='word_1_215' title='bbox 330 3218 361 3232; x_wconf 94' lang='lat'>..</span> <span class='ocrx_word' id='word_1_216' title='bbox 398 3168 531 3235; x_wconf 89' lang='lat' dir='ltr'>Plautus</span> <span class='ocrx_word' id='word_1_217' title='bbox 565 3166 799 3233; x_wconf 90' lang='lat' dir='ltr'>Asinaria...</span> <span class='ocrx_word' id='word_1_218' title='bbox 834 3167 924 3232; x_wconf 90' lang='lat' dir='ltr'>Panl.</span> <span class='ocrx_word' id='word_1_219' title='bbox 956 3170 995 3232; x_wconf 76' lang='lat'>73</span> <span class='ocrx_word' id='word_1_220' title='bbox 1040 3168 1172 3251; x_wconf 71' lang='lat' dir='ltr'>gliscere</span> <span class='ocrx_word' id='word_1_221' title='bbox 1194 3182 1346 3230; x_wconf 88' lang='lat' dir='ltr'>crescere</span> 
     </span>
     <span class='ocr_line' id='line_1_26' title="bbox 162 3278 1346 3363; baseline -0.003 -18"><span class='ocrx_word' id='word_1_222' title='bbox 162 3285 224 3363; x_wconf 81' lang='lat' dir='ltr'>est,</span> <span class='ocrx_word' id='word_1_223' title='bbox 248 3280 407 3361; x_wconf 85' lang='lat' dir='ltr'>gliscerae</span> <span class='ocrx_word' id='word_1_224' title='bbox 429 3298 556 3345; x_wconf 88' lang='lat' dir='ltr'>menses</span> <span class='ocrx_word' id='word_1_225' title='bbox 580 3299 712 3345; x_wconf 88' lang='lat' dir='ltr'>mensae</span> <span class='ocrx_word' id='word_1_226' title='bbox 740 3278 917 3361; x_wconf 84' lang='lat' dir='ltr'>gliscentes</span> <span class='ocrx_word' id='word_1_227' title='bbox 940 3278 973 3343; x_wconf 90' lang='lat' dir='ltr'>id</span> <span class='ocrx_word' id='word_1_228' title='bbox 997 3283 1046 3343; x_wconf 90' lang='lat' dir='ltr'>est</span> <span class='ocrx_word' id='word_1_229' title='bbox 1076 3281 1261 3343; x_wconf 87' lang='lat' dir='ltr'>crescentes</span> <span class='ocrx_word' id='word_1_230' title='bbox 1284 3296 1346 3356; x_wconf 91' lang='lat' dir='ltr'>per</span> 
     </span>
    </p>
   </div>
   <div class='ocr_carea' id='block_1_4' title="bbox 27 3388 1344 3472">
    <p class='ocr_par' dir='ltr' id='par_1_4' title="bbox 27 3388 1344 3472">
     <span class='ocr_line' id='line_1_27' title="bbox 27 3388 1344 3472; baseline -0.003 -15"><span class='ocrx_word' id='word_1_231' title='bbox 27 3445 29 3449; x_wconf 80' lang='lat'>.</span> <span class='ocrx_word' id='word_1_232' title='bbox 160 3389 406 3457; x_wconf 88' lang='lat' dir='ltr'>instructionem</span> <span class='ocrx_word' id='word_1_233' title='bbox 422 3391 586 3472; x_wconf 92' lang='lat' dir='ltr'>epularum</span> <span class='ocrx_word' id='word_1_234' title='bbox 604 3389 740 3457; x_wconf 90' lang='lat' dir='ltr'>scilicet.</span> <span class='ocrx_word' id='word_1_235' title='bbox 774 3389 861 3455; x_wconf 86' lang='lat' dir='ltr'>Fest.</span> <span class='ocrx_word' id='word_1_236' title='bbox 878 3389 964 3455; x_wconf 86' lang='lat' dir='ltr'>lllll.</span> <span class='ocrx_word' id='word_1_237' title='bbox 985 3393 1031 3454; x_wconf 81' lang='lat'>15.</span> <span class='ocrx_word' id='word_1_238' title='bbox 1045 3392 1095 3454; x_wconf 85' lang='lat'>30.</span> <span class='ocrx_word' id='word_1_239' title='bbox 1112 3388 1254 3472; x_wconf 82' lang='lat' dir='ltr'>replescit</span> <span class='ocrx_word' id='word_1_240' title='bbox 1269 3406 1344 3454; x_wconf 89' lang='lat' dir='ltr'>curn</span> 
     </span>
    </p>
   </div>
   <div class='ocr_carea' id='block_1_5' title="bbox 160 3498 1346 4361">
    <p class='ocr_par' dir='ltr' id='par_1_5' title="bbox 160 3498 1346 4361">
     <span class='ocr_line' id='line_1_28' title="bbox 161 3498 1344 3582; baseline -0.004 -14"><span class='ocrx_word' id='word_1_241' title='bbox 161 3503 244 3568; x_wconf 83' lang='lat' dir='ltr'>dixit</span> <span class='ocrx_word' id='word_1_242' title='bbox 266 3502 430 3569; x_wconf 88' lang='lat' dir='ltr'>Plautus</span> <span class='ocrx_word' id='word_1_243' title='bbox 448 3501 611 3582; x_wconf 84' lang='lat' dir='ltr'>significat</span> <span class='ocrx_word' id='word_1_244' title='bbox 626 3500 746 3567; x_wconf 90' lang='lat' dir='ltr'>crescit</span> <span class='ocrx_word' id='word_1_245' title='bbox 762 3555 769 3567; x_wconf 95' lang='lat'>.</span> <span class='ocrx_word' id='word_1_246' title='bbox 786 3554 793 3566; x_wconf 89' lang='lat'>.</span> <span class='ocrx_word' id='word_1_247' title='bbox 811 3554 818 3568; x_wconf 86' lang='lat'>.</span> <span class='ocrx_word' id='word_1_248' title='bbox 842 3500 952 3582; x_wconf 85' lang='lat' dir='ltr'>glires</span> <span class='ocrx_word' id='word_1_249' title='bbox 977 3500 1038 3575; x_wconf 83' lang='lat' dir='ltr'>(Cf.</span> <span class='ocrx_word' id='word_1_250' title='bbox 1065 3499 1145 3566; x_wconf 92' lang='lat' dir='ltr'>Non.</span> <span class='ocrx_word' id='word_1_251' title='bbox 1167 3502 1235 3563; x_wconf 79' lang='grc'><strong>119.</strong></span> <span class='ocrx_word' id='word_1_252' title='bbox 1251 3498 1344 3580; x_wconf 80' lang='lat' dir='ltr'>glis)</span> 
     </span>
     <span class='ocr_line' id='line_1_29' title="bbox 162 3608 1345 3695; baseline -0.003 -15"><span class='ocrx_word' id='word_1_253' title='bbox 162 3652 199 3663; x_wconf 80' lang='lat'>—</span> <span class='ocrx_word' id='word_1_254' title='bbox 225 3613 321 3680; x_wconf 89' lang='lat' dir='ltr'>Nonii</span> <span class='ocrx_word' id='word_1_255' title='bbox 342 3613 453 3694; x_wconf 83' lang='lat' dir='ltr'>glossa</span> <span class='ocrx_word' id='word_1_256' title='bbox 474 3612 682 3695; x_wconf 86' lang='lat' dir='ltr'>interrumpit</span> <span class='ocrx_word' id='word_1_257' title='bbox 698 3612 840 3679; x_wconf 91' lang='lat' dir='ltr'>ordinem</span> <span class='ocrx_word' id='word_1_258' title='bbox 857 3610 981 3677; x_wconf 88' lang='lat' dir='ltr'>Lucilii.</span> <span class='ocrx_word' id='word_1_259' title='bbox 1020 3609 1142 3677; x_wconf 89' lang='lat' dir='ltr'>Nonius</span> <span class='ocrx_word' id='word_1_260' title='bbox 1159 3608 1345 3690; x_wconf 89' lang='lat' dir='ltr'>complures</span> 
     </span>
     <span class='ocr_line' id='line_1_30' title="bbox 160 3720 1342 3805; baseline -0.007 -12"><span class='ocrx_word' id='word_1_261' title='bbox 160 3724 310 3793; x_wconf 89' lang='lat' dir='ltr'>vocabuli</span> <span class='ocrx_word' id='word_1_262' title='bbox 326 3724 581 3805; x_wconf 85' lang='lat' dir='ltr'>significationes</span> <span class='ocrx_word' id='word_1_263' title='bbox 597 3723 755 3804; x_wconf 86' lang='lat' dir='ltr'>exemplis</span> <span class='ocrx_word' id='word_1_264' title='bbox 772 3724 967 3804; x_wconf 85' lang='lat' dir='ltr'>comprobat,</span> <span class='ocrx_word' id='word_1_265' title='bbox 985 3721 1104 3787; x_wconf 85' lang='lat' dir='ltr'>Paulus</span> <span class='ocrx_word' id='word_1_266' title='bbox 1121 3740 1162 3785; x_wconf 84' lang='lat' dir='ltr'>ex</span> <span class='ocrx_word' id='word_1_267' title='bbox 1175 3720 1226 3785; x_wconf 88' lang='lat' dir='ltr'>his</span> <span class='ocrx_word' id='word_1_268' title='bbox 1243 3739 1342 3785; x_wconf 90' lang='lat' dir='ltr'>unam</span> 
     </span>
     <span class='ocr_line' id='line_1_31' title="bbox 161 3831 1344 3917; baseline -0.006 -14"><span class='ocrx_word' id='word_1_269' title='bbox 161 3842 295 3903; x_wconf 90' lang='lat' dir='ltr'>tractat.</span> <span class='ocrx_word' id='word_1_270' title='bbox 340 3836 483 3902; x_wconf 86' lang='lat' dir='ltr'>Gliscere</span> <span class='ocrx_word' id='word_1_271' title='bbox 507 3835 591 3917; x_wconf 91' lang='lat' dir='ltr'>apud</span> <span class='ocrx_word' id='word_1_272' title='bbox 615 3834 765 3900; x_wconf 88' lang='lat' dir='ltr'>Plautum</span> <span class='ocrx_word' id='word_1_273' title='bbox 788 3833 821 3899; x_wconf 92' lang='lat' dir='ltr'>in</span> <span class='ocrx_word' id='word_1_274' title='bbox 844 3833 935 3899; x_wconf 85' lang='lat' dir='ltr'>Asin.</span> <span class='ocrx_word' id='word_1_275' title='bbox 960 3837 988 3897; x_wconf 83' lang='lat'>5.</span> <span class='ocrx_word' id='word_1_276' title='bbox 1012 3837 1042 3898; x_wconf 64' lang='lat'>⁴2.</span> <span class='ocrx_word' id='word_1_277' title='bbox 1067 3834 1116 3896; x_wconf 77' lang='grc'><strong>62.</strong></span> <span class='ocrx_word' id='word_1_278' title='bbox 1141 3837 1175 3896; x_wconf 93' lang='lat' dir='ltr'>et</span> <span class='ocrx_word' id='word_1_279' title='bbox 1199 3831 1292 3912; x_wconf 84' lang='lat' dir='ltr'>Gapt.</span> <span class='ocrx_word' id='word_1_280' title='bbox 1312 3835 1344 3896; x_wconf 85' lang='lat'>3.</span> 
     </span>
     <span class='ocr_line' id='line_1_32' title="bbox 161 3943 1346 4031; baseline -0.004 -18"><span class='ocrx_word' id='word_1_281' title='bbox 161 3951 190 4014; x_wconf 84' lang='lat'>4.</span> <span class='ocrx_word' id='word_1_282' title='bbox 214 3951 265 4013; x_wconf 79' lang='lat'>26.</span> <span class='ocrx_word' id='word_1_283' title='bbox 288 3946 418 4031; x_wconf 82' lang='lat' dir='ltr'>legitur,</span> <span class='ocrx_word' id='word_1_284' title='bbox 442 3946 601 4029; x_wconf 90' lang='lat' dir='ltr'>gliscerae</span> <span class='ocrx_word' id='word_1_285' title='bbox 635 3964 768 4011; x_wconf 90' lang='lat' dir='ltr'>mensae</span> <span class='ocrx_word' id='word_1_286' title='bbox 791 3950 825 4010; x_wconf 93' lang='lat' dir='ltr'>et</span> <span class='ocrx_word' id='word_1_287' title='bbox 846 3944 1003 4025; x_wconf 82' lang='lat' dir='ltr'>reglescit</span> <span class='ocrx_word' id='word_1_288' title='bbox 1032 3963 1072 4008; x_wconf 83' lang='lat' dir='ltr'>ex</span> <span class='ocrx_word' id='word_1_289' title='bbox 1094 3943 1190 4008; x_wconf 89' lang='lat' dir='ltr'>Festo</span> <span class='ocrx_word' id='word_1_290' title='bbox 1213 3945 1346 4008; x_wconf 86' lang='lat' dir='ltr'>tanturn</span> 
     </span>
     <span class='ocr_line' id='line_1_33' title="bbox 160 4052 1344 4139; baseline -0.004 -14"><span class='ocrx_word' id='word_1_291' title='bbox 160 4058 316 4126; x_wconf 81' lang='lat' dir='ltr'>norimus.</span> <span class='ocrx_word' id='word_1_292' title='bbox 363 4061 396 4139; x_wconf 85' lang='lat'>3)</span> <span class='ocrx_word' id='word_1_293' title='bbox 429 4057 508 4125; x_wconf 86' lang='lat' dir='ltr'>Non.</span> <span class='ocrx_word' id='word_1_294' title='bbox 534 4059 583 4123; x_wconf 82' lang='lat'>38.</span> <span class='ocrx_word' id='word_1_295' title='bbox 619 4056 741 4139; x_wconf 80' lang='lat' dir='ltr'>capital</span> <span class='ocrx_word' id='word_1_296' title='bbox 773 4055 894 4121; x_wconf 91' lang='lat' dir='ltr'>dictum</span> <span class='ocrx_word' id='word_1_297' title='bbox 929 4060 982 4120; x_wconf 91' lang='lat' dir='ltr'>est</span> <span class='ocrx_word' id='word_1_298' title='bbox 1012 4054 1131 4136; x_wconf 90' lang='lat' dir='ltr'>capitis</span> <span class='ocrx_word' id='word_1_299' title='bbox 1155 4052 1344 4135; x_wconf 89' lang='lat' dir='ltr'>periculum.</span> 
     </span>
     <span class='ocr_line' id='line_1_34' title="bbox 162 4163 1346 4252; baseline -0.004 -17"><span class='ocrx_word' id='word_1_300' title='bbox 162 4169 297 4236; x_wconf 87' lang='lat' dir='ltr'>Plautus</span> <span class='ocrx_word' id='word_1_301' title='bbox 320 4167 552 4235; x_wconf 88' lang='lat' dir='ltr'>Menaechmis:</span> <span class='ocrx_word' id='word_1_302' title='bbox 576 4187 748 4252; x_wconf 82' lang='lat' dir='ltr'>,nunquam</span> <span class='ocrx_word' id='word_1_303' title='bbox 771 4167 879 4231; x_wconf 86' lang='lat' dir='ltr'>hercle</span> <span class='ocrx_word' id='word_1_304' title='bbox 895 4165 1039 4248; x_wconf 83' lang='lat' dir='ltr'>effugiet,</span> <span class='ocrx_word' id='word_1_305' title='bbox 1062 4166 1196 4230; x_wconf 87' lang='lat' dir='ltr'>tametsi</span> <span class='ocrx_word' id='word_1_306' title='bbox 1218 4163 1346 4245; x_wconf 91' lang='lat' dir='ltr'>capital</span> 
     </span>
     <span class='ocr_line' id='line_1_35' title="bbox 160 4274 1344 4361; baseline -0.003 -15"><span class='ocrx_word' id='word_1_307' title='bbox 160 4279 290 4349; x_wconf 83' lang='lat' dir='ltr'>fecerit&#39;</span> <span class='ocrx_word' id='word_1_308' title='bbox 313 4281 457 4349; x_wconf 89' lang='lat' dir='ltr'>Lucilius</span> <span class='ocrx_word' id='word_1_309' title='bbox 482 4333 488 4347; x_wconf 94' lang='lat'>.</span> <span class='ocrx_word' id='word_1_310' title='bbox 513 4327 519 4340; x_wconf 88' lang='lat'>.</span> <span class='ocrx_word' id='word_1_311' title='bbox 547 4333 552 4344; x_wconf 95' lang='lat'>.</span> <span class='ocrx_word' id='word_1_312' title='bbox 604 4278 693 4347; x_wconf 90' lang='lat' dir='ltr'>Paul.</span> <span class='ocrx_word' id='word_1_313' title='bbox 723 4280 773 4342; x_wconf 73' lang='lat'>37.</span> <span class='ocrx_word' id='word_1_314' title='bbox 798 4278 921 4361; x_wconf 80' lang='lat' dir='ltr'>capital</span> <span class='ocrx_word' id='word_1_315' title='bbox 942 4277 1079 4360; x_wconf 67' lang='lat' dir='ltr'>facinus</span> <span class='ocrx_word' id='word_1_316' title='bbox 1114 4276 1197 4360; x_wconf 85' lang='lat' dir='ltr'>quod</span> <span class='ocrx_word' id='word_1_317' title='bbox 1221 4274 1344 4357; x_wconf 89' lang='lat' dir='ltr'>capitis</span> 
     </span>
    </p>
   </div>
   <div class='ocr_carea' id='block_1_6' title="bbox 0 0 1469 4909">
    <p class='ocr_par' dir='ltr' id='par_1_6' title="bbox 0 0 1469 4909">
     <span class='ocr_line' id='line_1_36' title="bbox 0 0 1469 4909; baseline 0 0"><span class='ocrx_word' id='word_1_318' title='bbox 0 0 1469 4909; x_wconf 95' lang='lat' dir='ltr'> </span> 
     </span>
    </p>
   </div>
  </div>
 </body>
</html>
