2925 4909
578 270 788 333 ..29-

85 462 201 523 autem
217 455 317 521 aliam
332 475 458 536 quoque
472 455 567 521 huius
587 475 700 522 versus
717 455 912 537 scripturam
928 475 1096 523 occurrere
1112 458 1144 523 iu
1162 459 1276 539 glossa

85 588 119 650 p.
138 570 192 633 62.
217 567 405 651 effatilatam
427 565 704 634 Reitzensteinius
725 570 778 632 40.
802 568 875 633 adu.
898 572 987 632 recte
1011 567 1139 634 statuit.
1185 567 1275 634 Libri

87 677 240 744 Palatini
265 679 388 743 habent
410 675 624 761 ‚exfafillato'‚
653 677 886 744 Ambrosianus
915 684 951 744 ut
973 678 1104 745 videtur
1126 686 1274 746 neutram

87 791 151 858 sed
180 789 315 855 tertiam
341 788 521 854 lectionem.
568 788 627 855 llic
654 787 876 856 commentarii
898 789 1075 870 vestigium
1099 791 1276 873 deprehen·

87 901 184 967 disse
199 901 272 982 quis
289 899 461 965 existimet.
500 900 563 967 Sed
578 899 652 982 ipsa
673 900 794 982 duplici
812 900 916 966 Verrii
937 900 1101 982 scriptura
1124 903 1276 968 docemur

87 1032 167 1079 eum
190 1011 355 1078 codicibus
378 1011 479 1078 variis
502 1031 566 1079 non
588 1011 829 1078 commentariis
853 1031 945 1077 usum
969 1031 1050 1077 θεεθ.
1087 1011 1134 1078 cf.
1152 1012 1275 1078 Leidol.

88 1126 347 1194 accumula
379 1123 522 1205 Henuig,
549 1128 627 1189 lbs.
667 1122 789 1189 Rebliu.
814 1126 864 1188 34.
902 1123 1032 1188 Caesar.
1058 1126 1108 1188 26.
1148 1125 1275 1190 Loewe.

88 1239 202 1301 269s.
253 1239 287 1315 4)
315 1233 394 1300 Non.
427 1236 497 1300 1⁸20.
524 1235 757 1317 halophantam
784 1238 822 1301 ut
850 1234 1083 1317 sycophantam
1112 1234 1275 1301 bominum

89 1366 199 1428 genus
227 1364 379 1428 nequam,
410 1347 495 1427 quod
522 1349 562 1412 ob
589 1347 713 1412 suenda
734 1345 902 1411 mendacia
923 1345 1105 1411 miserrima
1127 1347 1276 1412 mercede

90 1457 294 1524 conducitur.
351 1457 501 1523 Plautus:
542 1458 785 1540 ‚halophantam
818 1477 860 1522 an
895 1458 1131 1540 sycophantam
1168 1459 1275 1539 magis

90 1569 199 1634 dicam
223 1566 323 1634 esse'.
359 1569 448 1635 Paul.
467 1572 517 1634 76.
541 1569 724 1652 balapaata
748 1568 913 1652 siguificat
932 1568 1039 1635 omnia
1054 1568 1276 1651 mentientem,

90 1682 136 1746 ab
159 1699 208 1763 eo,
231 1680 318 1760 quod
340 1680 430 1745 halet
452 1680 567 1746 omnia.
599 1678 679 1763 Ἃλην
702 1680 787 1746 enim
810 1678 927 1746 Graeci
950 1681 1002 1761 τὴν
1025 1682 1145 1764 πλάνην,
1167 1679 1201 1744 id
1223 1686 1277 1746 est

90 1791 280 1873 fallentem,
311 1792 488 1873 appellant.
525 1828 564 1837 -—
599 1791 718 1858 Paulus
748 1792 890 1857 eiusdem
924 1810 1040 1856 versus
1074 1793 1276 1876 vocabulum,

91 1904 180 1984 quod
203 1903 236 1968 in
260 1903 321 1967 hoc
345 1904 413 1969 solo
437 1907 582 1985 apparet,
606 1902 759 1985 explicat,
784 1902 842 1968 sed
864 1901 962 1968 alium
985 1907 1149 1968 auctorem
1171 1904 1277 1985 sequi-

92 2021 150 2080 tur
165 2033 261 2095 quam
277 2012 409 2095 Nonius
433 2013 523 2081 cidus
549 2014 780 2096 interpretatio
803 2013 936 2096 propius
957 2015 999 2079 ad
1019 2014 1152 2079 laudata
1178 2019 1278 2082 verba

93 2124 235 2191 accedit.
251 2128 253 2135 ’
271 2124 439 2207 Scriptura
453 2144 568 2191 versus
584 2125 716 2192 diversa
730 2145 805 2191 esse
827 2124 969 2206 videtur3
993 2144 1056 2190 rec.
1074 2126 1141 2192 Pal.
1163 2129 1277 2193 habet:

93 2225 365 2328 ‚halophantssml
415 2236 462 2302 ef.
484 2236 694 2303 beidaima
759 2236 895 2317 Henuig.
931 2239 998 2302 las
1066 2237 1188 2304 Reblin.
1224 2244 1275 2306 55.

95 2351 128 2423 5>
156 2346 237 2414 Non.
269 2351 337 2413 1472
366 2348 500 2416 oculitus
531 2355 569 2415 nt
601 2348 755 2416 animitas
788 2347 985 2414 medullitus.
1037 2348 1173 2415 Plautus
1200 2350 1277 2416 Cor·

94 2459 218 2525 nicula:
243 2465 363 2541 ‚amant
386 2458 536 2525 ancillam
559 2480 661 2525 meam
687 2460 886 2527 Phedullium
909 2458 1075 2527 oculitus'.
1113 2461 1202 2527 Fest.
1220 2462 1276 2527 lX.

95 2574 146 2635 27.
170 2574 222 2636 29.
251 2571 383 2637 ocalitas
411 2571 529 2641 dicitur
555 2578 592 2638 ut
621 2570 767 2638 tunditus
795 2571 926 2654 penitus
954 2572 1181 2653 significatque
1208 2578 1276 2638 tam

96 2702 205 2748 carum
229 2702 323 2762 quam
340 2683 464 2748 oculum
480 2683 533 2749 vel
550 2683 656 2749 instar
678 2683 761 2751 oculi
776 2703 860 2750 θεεθ.
874 2684 1022 2766 —Apud
1043 2683 1179 2751 Nonium
1203 2704 1277 2751 ocu·

95 2794 173 2860 litus
196 2793 284 2859 inter
305 2793 371 2859 alia
393 2793 550 2860 adverbia
566 2796 839 2871 <obsecundanter
854 2795 1069 2874 ossiculatim)
1087 2801 1167 2878 stat,
1191 2799 1278 2879 apud

95 2905 232 2972 Festum
266 2904 434 2986 praecedit
468 2905 687 2973 oculissimum
721 2908 891 2989 exemplis·
905 2906 1063 2973 Plautinis
1099 2910 1278 2989 probatum.

97 3020 220 3083 Ambae
242 3016 373 3098 glossae
401 3017 467 3082 alia
489 3019 547 3083 sed
574 3039 637 3084 non
666 3018 778 3083 eadem
806 3019 961 3086 adverbia
990 3018 1106 3084 suffixo
1123 3025 1191 3086 -tus
1213 3021 1279 3085 for-

95 3137 185 3195 mata
230 3129 437 3195 continentes
481 3149 545 3195 non
591 3130 854 3195 commentarium
892 3131 1077 3198 Plautinum
1119 3133 1275 3197 redolent.

95 3241 264 3307 Festinam
281 3261 406 3322 quoque
429 3240 578 3325 ,oculitus
594 3239 709 3307 amari'
733 3242 917 3324 intelligere
933 3243 967 3308 Ο.
987 3243 1162 3314 Muellerus
1183 3244 1275 3309 vidit.

96 3353 243 3419 Oculitns
259 3358 367 3419 autem
383 3373 542 3434 nusquam
559 3354 721 3436 reperitur
736 3354 801 3419 uisi
816 3354 849 3419 in
865 3356 926 3420 boe
948 3354 1055 3420 Plauti
1078 3354 1272 3436 fragmento.

182 3467 408 3546 Sequuntur
432 3465 561 3530 Verrii
585 3464 731 3546 prioris
755 3467 885 3547 partis
906 3466 1084 3547 glossae,
1107 3486 1205 3547 quae
1228 3468 1275 3531 ad

97 3598 203 3660 quem
225 3595 377 3644 versum
400 3582 588 3658 spectent
610 3576 815 3643 nescimus.
854 3579 902 3642 Ac
924 3577 1058 3660 primum
1082 3577 1201 3659 prioris
1225 3598 1274 3642 or·

96 3689 179 3756 dinis
202 3686 344 3753 Plautini
367 3688 399 3753 in
422 3688 503 3754 libro
525 3689 548 3753 l.
573 3688 718 3755 Noniano
735 3689 856 3769 glossis
881 3688 1002 3755 similes
1026 3694 1102 3754 sunt
1125 3689 1273 3771 quinque.

96 3805 128 3874 6)
157 3799 235 3867 Non.
262 3803 290 3863 3.
325 3802 544 3867 hostimentum
577 3808 629 3865 est
662 3805 909 3880 aequamentum
940 3852 947 3863 .
975 3801 1059 3866 unde
1094 3807 1128 3865 et
1161 3802 1274 3867 hostes

95 3912 171 3978 dicti
195 3919 284 3994 sunt.
318 3913 371 3992 qui
394 3933 434 3977 ex
467 3932 571 3993 aequa
594 3930 706 3977 causa.
727 3932 870 3995 pugnam
902 3911 1025 3976 ineunt.
1083 3911 1217 3976 Plautus
1240 3913 1274 3978 in

96 4026 261 4092 Asinaria:
286 4043 356 4106 ,par
377 4022 448 4104 pari
470 4025 581 4089 datum
604 4022 884 4089 hostimentnmst:
908 4042 1005 4102 opera
1022 4041 1078 4102 pro
1095 4022 1273 4103 pecunia'.

95 4139 236 4204 undeet
270 4134 395 4200 hostire
418 4134 536 4200 dicitur
560 4188 566 4199 .
590 4135 674 4200 idem
697 4133 730 4198 iu
755 4136 881 4200 eadem:
916 4133 1001 4217 ‚quin
1025 4134 1191 4216 promitto,
1226 4135 1274 4201 in-

95 4270 198 4332 quam,
234 4247 359 4311 hostire
387 4252 510 4327 contra,
544 4252 579 4312 ut
608 4244 806 4311 memineris*
840 4247 872 4310 id
906 4252 959 4309 est
992 4264 1096 4324 aequa
1130 4245 1274 4313 reddere.
