2925 4909
580 283 708 389 ,¹27
756 362 794 371 -

92 521 160 580 tur
191 514 361 579 diverso.
409 513 572 579 Primum
605 513 808 580 videamus
838 514 883 578 de
917 513 1086 595 quinque
1115 513 1278 595 glossiS,

92 645 194 707 quae
217 626 322 706 apud
345 624 504 691 Festum
527 630 566 689 et
590 623 748 690 Paulum
770 623 810 689 in
833 625 964 689 altera
986 631 1099 706 parte
1122 631 1279 708 extant,
1336 647 1339 652 ·

91 757 233 817 quarum
258 741 327 801 tres
350 737 391 801 ad
414 736 549 801 eundem
571 755 710 818 versum,
735 755 827 816 quem
852 734 974 801 Nonius
997 737 1103 819 affert,
1127 743 1279 819 spectare

91 847 198 914 certis
244 846 444 929 argumentis
482 846 698 912 demonstrari
738 852 855 929 potest.
913 851 943 920 l)
977 844 1056 913 Non.
1095 852 1148 914 86.
1191 849 1279 915 curio

92 958 257 1025 curiosus.
298 958 432 1025 Plautus
448 956 629 1024 Aulularia:
648 958 730 1040 ,volo
748 957 832 1024 scire
848 977 908 1039 ego
925 978 965 1023 ex
980 964 1022 1041 te,
1043 959 1098 1040 qui
1114 959 1159 1025 sit
1174 980 1280 1041 agnus

92 1068 212 1136 curio’.
251 1069 337 1136 Paul.
361 1072 411 1134 46.
436 1069 595 1136 curionem
628 1090 748 1152 agnum
771 1069 906 1135 Plautus
937 1090 995 1151 pro
1029 1091 1136 1136 macro
1170 1072 1281 1154 posuit

93 1181 193 1263 quasi
218 1201 296 1246 cura
318 1181 522 1247 macruisset.
541 1217 575 1226 ·—
598 1180 716 1263 Incipit
736 1182 822 1262 apud
842 1182 973 1246 Paulum
990 1183 1107 1246 abhoc
1128 1183 1281 1248 lemmate

93 1293 176 1359 ordo
212 1291 398 1375 Plautinus,
438 1293 522 1373 quod
557 1291 703 1374 sequitur
736 1292 825 1358 aliud
859 1311 899 1357 ex
933 1293 1176 1375 Amphitruone.
1232 1294 1279 1360 Cf.

95 1405 280 1469 Reitzenst.
304 1407 354 1469 ts,
378 1405 428 1468 63.
475 1404 608 1484 Legitur
631 1406 691 1470 hoc
713 1404 903 1469 vocabulum
926 1402 959 1469 in
983 1405 1055 1470 Aul.
1077 1409 1149 1469 554.
1174 1424 1200 1470 s.
1216 1404 1279 1487 bia,

95 1516 156 1581 sed
180 1514 323 1581 Palatini
337 1514 370 1580 in
386 1514 492 1596 priore
508 1535 606 1582 versu
621 1535 679 1596 pro
703 1513 890 1597 ,curionem'
906 1517 1062 1596 praebent
1084 1513 1278 1598 ,curiosam'.

94 1626 222 1692 Laidol.
247 1628 318 1693 258.
334 1626 472 1707 llennig.
497 1627 546 1690 34.
574 1626 696 1691 Reblin.
713 1628 765 1691 23.
788 1629 840 1692 25.
858 1626 988 1691 Caesar.
1006 1630 1056 1693 68.
1095 1627 1280 1709 Explicatis

93 1758 176 1805 vero
199 1736 297 1803 Nonii
319 1742 353 1803 et
377 1737 469 1803 Pauli
493 1737 623 1803 diversa
657 1741 716 1803 est.
763 1740 795 1813 2)
820 1735 900 1802 Ν611.
924 1743 955 1803 4.
990 1739 1140 1821 copulam
1162 1738 1281 1805 dicitur

95 1849 252 1931 quicquid
275 1849 371 1914 aliam
393 1869 460 1914 rem
493 1851 583 1915 intra
606 1869 641 1915 se
665 1849 762 1931 capit.
788 1869 861 1914 nam
896 1852 1141 1932 sarcophagum,
1172 1849 1281 1915 idest

96 1961 316 2043 sepulchrum,
339 1960 489 2042 capulum
512 1959 575 2026 dici
598 1966 728 2027 veteres
751 1961 876 2042 volunt,
899 1963 984 2042 quod
1000 1982 1137 2043 corpora
1159 1962 1279 2043 capiat.

97 2073 237 2138 Plautus
262 2071 413 2138 Asinaria
436 2071 547 2138 dicens
571 2072 610 2136 de
634 2091 726 2137 sene:
763 2071 863 2153 ,perii
886 2071 1019 2138 misera!
1052 2082 1088 2139 ut
1111 2074 1281 2140 osculatur

97 2183 257 2265 carnifex,
281 2182 389 2265 capuli
411 2180 534 2249 decus'.
558 2181 641 2248 idem
658 2181 778 2249 Milite:
803 2182 889 2264 ,quid
911 2182 961 2249 ais
977 2187 1037 2250 tu‘?
1061 2186 1128 2250 tam
1143 2183 1203 2249 tibi
1218 2203 1279 2265 ego

96 2295 212 2361 videor
245 2295 361 2376 oppido
390 2294 636 2360 AcheruntiusP
669 2300 736 2360 tam
771 2295 997 2376 capularisr
1030 2297 1063 2361 id
1090 2303 1142 2361 est
1165 2296 1280 2376 capulo

96 2405 276 2489 proximae.
328 2404 618 2487 Pomponius...
651 2406 738 2471 Paul.
767 2410 818 2469 47.
842 2408 991 2489 copulam
1018 2413 1052 2471 et
1080 2405 1281 2473 manubrium

97 2516 202 2600 gladii
217 2522 362 2599 vocatur,
379 2522 413 2581 et
428 2517 471 2598 id,
487 2537 548 2597 quo
564 2518 682 2582 mortui
697 2516 884 2600 efferuntur,
901 2523 1073 2600 utrumque
1086 2538 1106 2582 a
1122 2517 1279 2599 capiendo

98 2630 230 2695 dictum.
277 2628 361 2693 Sane
385 2648 405 2693 a
427 2629 519 2709 capio
541 2628 579 2692 fit
602 2629 814 2709 capularis.
838 2665 876 2673 —
903 2630 994 2695 Pauli
1017 2630 1130 2711 glossa
1146 2634 1281 2711 propter

99 2738 304 2821 capularis
328 2739 370 2804 ad
394 2738 459 2804 Mil.
481 2739 524 2819 gl.
548 2758 578 2805 v.
604 2741 632 2802 3.
663 2746 685 2804 t.
711 2740 761 2805 33.
786 2745 925 2822 spectat,
954 2761 1026 2806 cum
1049 2742 1219 2807 comoedica
1240 2759 1282 2805 ex

100 2851 165 2917 Mil.
183 2854 213 2915 2.
231 2853 260 2914 2.
277 2852 328 2915 60.
348 2850 518 2915 antecedat
537 2850 728 2929 [Reitzenst.
747 2856 797 2916 59.
815 2854 888 2930 66).
933 2851 1028 2918 Nonii
1044 2858 1153 2918 autem
1169 2855 1281 2934 glossa

97 2983 137 3028 ex
159 2960 262 3043 primo
278 2959 389 3025 ordine
408 2960 554 3026 Plautino
572 2960 744 3027 Asinariae
761 2962 963 3044 potissimum
977 2983 1107 3029 versum
1124 2964 1157 3029 in
1175 2964 1280 3045 expli·

99 3072 228 3139 catione
242 3070 386 3153 respicit.
411 3072 501 3149 Quod
514 3074 606 3168 ambo
620 3074 768 3154 capulum
782 3079 816 3138 ot
831 3074 994 3154 capularis
1010 3094 1030 3139 a
1042 3076 1196 3156 capiendo
1213 3079 1281 3141 tra-

99 3188 190 3266 hunt,
203 3182 378 3250 communis
389 3182 489 3248 fontis
503 3182 707 3264 etymologici
720 3184 847 3266 signum
861 3189 921 3250 est.
939 3187 971 3262 3)
987 3182 1010 3249 N
1015 3204 1064 3250 on.
1079 3190 1129 3250 75.
1143 3187 1282 3253 adorior

99 3296 244 3377 adigant.
276 3293 411 3360 Plautus
429 3293 612 3360 Aulularia:
636 3295 771 3376 ,utinam
790 3316 841 3361 me
857 3294 924 3361 divi
939 3296 1072 3360 adaxint
1088 3299 1129 3362 ad
1146 3318 1280 3378 suspen-

99 3404 210 3472 dium'.
248 3404 338 3469 Paul.
356 3407 407 3470 23.
425 3406 564 3471 adortat
585 3405 765 3487 adegerint,
789 3444 822 3452 -
842 3407 937 3488 Apud
953 3407 1086 3473 Paulum
1109 3409 1209 3474 etiam
1232 3411 1280 3475 in·

99 3537 237 3600 sequens
254 3515 366 3598 glossa
382 3537 421 3581 ex
432 3516 602 3582 Aulularia
617 3523 679 3596 est,
696 3521 733 3582 ut
749 3518 788 3582 de
804 3526 917 3584 nostra
929 3519 1072 3584 dubitari
1084 3540 1147 3585 non
1160 3520 1278 3602 possit,

100 3629 175 3711 quin
195 3629 267 3694 Aul.
298 3634 321 3689 l.
345 3632 372 3692 1.
398 3632 443 3692 ll.
467 3627 631 3709 respiciat.
656 3627 846 3703 (Reitzenst.
871 3633 920 3696 61.
945 3634 1008 3707 64.)
1047 3631 1109 3696 Sed
1125 3650 1165 3695 ex
1179 3629 1280 3696 inter-

99 3739 284 3823 pretatione
303 3743 369 3804 tam
384 3738 521 3819 simplici
533 3739 578 3805 nil
592 3739 747 3821 sequitur.
775 3744 809 3814 4)
823 3738 902 3805 Non.
919 3744 968 3806 to.
982 3742 1112 3808 amotio.
1142 3742 1278 3809 Plautus

100 3851 259 3917 Rudente:
275 3847 376 3931 ,nimi'
392 3869 496 3931 paene
513 3850 626 3933 inepta
642 3855 742 3930 atque
759 3851 873 3917 odiosa
889 3851 959 3917 eius
975 3851 1153 3918 amatiost'.
1188 3852 1277 3919 Paul.

99 3964 148 4027 23.
162 3961 284 4028 amatio
300 3962 340 4025 ab
356 3980 464 4025 amore
480 3960 729 4027 denominatum.
743 3997 785 4008 -
800 3961 865 4027 Hoc
881 3964 1071 4028 vocabulum
1087 3984 1279 4045 quamquam

100 4072 268 4155 quinquies
292 4074 377 4154 apud
401 4073 550 4139 Plautum
573 4072 723 4154 occurrit,
747 4078 855 4138 tamen
886 4093 926 4138 ex
949 4073 1149 4141 Rudentisv
1186 4080 1277 4143 1204.

99 4191 235 4267 propter
262 4180 399 4249 Nonium
434 4187 598 4266 sumptum
627 4203 699 4249 esse
734 4190 847 4250 censet
874 4183 1149 4252 Reitzensteinius
1172 4207 1202 4267 p.
1228 4193 1277 4252 65.

101 4294 326 4382 Explicatioue
357 4293 478 4365 Nonius
506 4300 607 4377 caret,
640 4296 731 4363 cuius
760 4296 873 4379 glossa
901 4301 995 4363 extra
1017 4297 1159 4367 ordinem
1185 4297 1278 4368 Plau·
