2925 4909
678 326 889 388 ..36-

191 522 292 598 palus
314 516 368 579 est
394 512 500 578 dictus
530 532 550 577 a
577 512 728 594 putando.
776 511 910 578 Plautus
934 511 1109 577 Pseudulo:
1144 533 1252 595 ,purus
1272 518 1369 595 putus

198 629 251 691 est
280 621 390 707 ipsus'.
437 623 613 689 Varro...
637 643 712 689 nam
743 628 778 688 et
804 622 951 689 rationes
980 641 1019 688 ea
1041 643 1142 689 cansa
1164 624 1272 706 putari
1293 624 1371 689 dicti

199 740 284 818 sunt,
307 734 456 816 quotiens
480 754 520 800 ex
542 734 593 800 his
615 733 740 800 fraudis
763 739 822 800 aut
843 733 921 799 falsi
945 739 1003 800 ant
1023 733 1183 800 mendacii
1200 740 1257 801 aut
1271 735 1370 816 iniqui
1453 761 1454 774 ¹

198 847 321 928 aliquid
342 850 523 928 separatur.
569 845 612 911 Et
634 845 739 927 ipsum
763 864 900 925 namque
922 844 1110 911 dubitantes
1133 865 1203 912 cum
1226 846 1370 912 dicimus:

197 964 288 1041 puto,
311 956 531 1039 significamus
554 976 614 1023 nos
637 958 671 1022 in
693 959 790 1023 rebus
813 955 949 1022 incertis
972 960 1006 1021 θῖ
1027 956 1175 1022 obscuris
1198 957 1290 1024 falsis
1305 958 1370 1040 opi·

196 1069 346 1137 nionibus
378 1067 449 1134 fieri
481 1067 700 1150 ambiguosos.
745 1067 835 1134 Fest.
859 1067 913 1133 Χῖ.
937 1071 966 1131 9.
994 1069 1055 1130 16.
1063 1076 1180 1150 putum
1208 1090 1265 1151 pro
1292 1089 1370 1151 puro

197 1181 319 1247 dixisse
352 1178 519 1262 antiquos,
554 1183 588 1244 et
621 1178 696 1244 inde
719 1184 865 1261 'yutatas
893 1178 979 1245 vites
1013 1183 1047 1244 et
1076 1180 1225 1262 arbores
1260 1180 1371 1261 quibus

197 1293 329 1359 dicisum
358 1295 411 1357 est
437 1290 484 1373 id,
520 1290 603 1372 qnod
630 1290 859 1372 impedimento
888 1297 973 1373 erat,
1008 1289 1166 1356 Cornifici.
1191 1288 1248 1355 ait.
1271 1309 1373 1371 neque
1453 1315 1454 1348 l

197 1404 295 1470 aliter
309 1397 437 1484 accepit
452 1401 596 1468 Ennius.
611 1451 618 1466 .
632 1454 639 1467 .
653 1406 687 1467 θῖ
703 1401 852 1468 Plautus:
870 1421 979 1484 ‚purus
995 1405 1093 1483 putus
1108 1402 1161 1466 hic
1175 1402 1374 1483 sycophanta

197 1514 269 1582 θεῖ’.
315 1516 434 1580 Aurum
457 1532 583 1594 quoque
605 1517 753 1594 putatum
778 1512 842 1578 dici
874 1513 958 1579 solet
988 1512 1008 1577 i.
1033 1532 1060 1578 θ.
1084 1519 1312 1596 expurgatum,
1342 1517 1375 1578 et

196 1628 282 1693 ratio
319 1629 436 1707 putata
468 1622 496 1687 i..
513 1642 540 1690 e.
564 1643 648 1705 pura
680 1624 778 1689 facta.
807 1660 854 1706 -,
878 1622 1010 1690 Verrius
1043 1642 1113 1689 cum
1144 1629 1301 1706 provocet
1333 1625 1374 1690 ad

198 1736 411 1817 Cornificium,
434 1734 488 1816 qui
511 1733 663 1801 similiter
685 1755 756 1801 cum
779 1734 882 1800 Ennio
905 1739 940 1799 θῖ
962 1734 1078 1800 Plauto
1101 1734 1134 1799 in
1156 1734 1269 1816 glossa
1283 1735 1374 1802 Fest.
1453 1811 1454 1842 1

198 1849 251 1915 ΙΧ.
277 1851 326 1914 16.
350 1851 511 1913 iduare
533 1846 741 1929 coniungitur
763 1846 816 1927 (cf.
841 1844 964 1911 Leidol.
988 1848 1061 1911 908.
1084 1846 1186 1929 adn),
1221 1846 1376 1914 discimus
1453 1853 1454 1922 ξ

197 1964 326 2042 etymon
361 1961 491 2025 abhoc
521 1958 734 2042 grammatico
762 1957 965 2040 propositum
989 1976 1073 2023 esse.
1119 1955 1243 2024 Nonius
1265 1963 1376 2024 antem
1453 1933 1454 1970 ἶ

198 2064 269 2137 sine
306 2070 401 2137 dnbio
441 2070 645 2138 Cornificium
682 2069 803 2152 ipsum,
843 2069 1090 2149 grammaticum
1127 2068 1377 2150 antiquissimae
1452 2051 1454 2090 ³

197 2183 331 2266 aetatis,
353 2202 417 2249 non
441 2182 542 2250 novit.
582 2183 659 2248 Cum
677 2180 770 2247 Festi
792 2179 1000 2261 glossaarte
1023 2180 1200 2245 cohaerent
1216 2179 1305 2246 Paul.
1323 2185 1374 2247 21.

195 2299 374 2377 amputata.
398 2297 448 2361 80.
472 2293 665 2376 imputatum
690 2291 881 2371 (Reitzenst.
907 2293 971 2368 33.)
1009 2290 1057 2357 Cf.
1081 2288 1161 2356 Non.
1191 2296 1257 2358 157.
1280 2297 1376 2374 puta·

193 2406 291 2472 mina.
344 2405 458 2471 Varro.
481 2406 510 2470 d.
534 2404 555 2470 l.
578 2405 599 2469 l.
625 2409 653 2470 5.
679 2408 707 2468 7.
738 2403 818 2468 Gell.
849 2405 879 2467 6.
904 2407 931 2467 5.
989 2406 1021 2476 9)
1051 2400 1130 2469 Non.
1157 2405 1227 2468 199.
1255 2405 1375 2470 corium
1452 2437 1453 2500 ᾗ

194 2518 301 2585 nentri
335 2521 387 2582 est
414 2516 554 2598 generis
582 2514 702 2582 corium
736 2513 906 2580 masculini
942 2513 1076 2580 Plautus
1109 2513 1263 2581 Poenulo:
1300 2515 1374 2592 ¹tris

195 2628 291 2696 facile
324 2627 430 2694 corios
464 2626 649 2693 contrivisti
682 2623 838 2691 bubulos'.
891 2624 996 2691 Varro
1019 2677 1051 2691 ..
1077 2626 1165 2691 Paul.
1189 2629 1240 2690 46.
1269 2627 1374 2693 corius
1452 2621 1453 2630 ’

196 2740 281 2823 apud
303 2738 455 2820 antiquos
477 2736 655 2805 masculino
678 2755 799 2819 genere
821 2736 999 2803 dicebatur.
1038 2737 1190 2803 Plautus:
1215 2739 1289 2818 ‚iam
1312 2738 1373 2805 tibi

196 2851 261 2917 tuis
276 2850 401 2916 meritis
419 2868 554 2915 crassus
578 2848 685 2914 corius
701 2847 849 2914 redditus
866 2846 926 2914 est'
944 2897 951 2912 .
969 2900 975 2913 .
995 2900 1001 2913 .
1020 2885 1055 2893 —
1076 2846 1168 2915 Pauli
1190 2849 1303 2929 glossa
1325 2850 1372 2915 io·

195 2961 324 3029 venitur
345 2960 377 3028 in
401 2960 502 3043 primo
526 2961 637 3025 ordine
659 2958 796 3025 alterius
811 2960 943 3025 litterae
960 2961 984 3025 O
1000 2960 1106 3041 partis
1129 2965 1164 3024 θῖ
1187 2978 1228 3024 ex
1248 2961 1372 3026 incerta
1451 3031 1452 3034 ,

194 3073 304 3139 fabula
338 3071 443 3155 petita
477 3076 538 3137 est.
591 3071 787 3151 (Reitzenst.
819 3074 868 3136 59.
894 3073 958 3149 63.)
1013 3072 1134 3136 Ambae
1167 3071 1299 3152 glossae
1331 3073 1371 3138 de
1451 3057 1452 3106 ³

194 3184 370 3250 indiscreto
396 3202 515 3266 genere
547 3186 651 3264 agunt
677 3202 707 3249 v.
732 3202 758 3247 s.
782 3201 851 3263 cap.
876 3182 899 3247 Ι.
923 3181 1070 3262 (clunes).
1123 3185 1156 3259 3)
1187 3181 1266 3248 Nou.
1299 3188 1369 3250 446.

194 3298 281 3363 iulia
302 3301 335 3360 et
356 3296 445 3361 ialam
466 3296 527 3359 hoc
544 3292 792 3360 discernuntur:
815 3295 856 3358 ab
871 3292 1042 3358 inliciendo
1058 3292 1151 3369 inlix;
1174 3293 1261 3359 inlex
1275 3314 1295 3359 a
1309 3316 1369 3375 quo

194 3410 248 3474 lex
270 3428 332 3473 noo
358 3410 515 3473 seruetur.
554 3405 691 3471 Plautus
708 3404 866 3471 Poenulo:
891 3403 977 3487 ‚quia
999 3404 1046 3469 illi
1061 3409 1176 3470 tantae
1192 3406 1239 3470 rei
1254 3405 1368 3473 fuimus

194 3515 326 3585 inlices'.
364 3517 448 3583 idem
472 3517 586 3583 Persa:
622 3516 735 3599 ,ininre
764 3516 852 3581 inlex
878 3516 969 3581 labes
992 3513 1163 3597 popli...
1210 3516 1295 3581 Paul.
1318 3520 1368 3583 84.

193 3631 281 3696 ialam
302 3630 461 3711 producta
483 3627 632 3709 sequenti
656 3629 785 3710 syllaba
806 3627 985 3708 significat,
1009 3628 1063 3707 qui
1084 3626 1150 3709 legi
1173 3647 1236 3693 non
1259 3634 1367 3710 paret;
1450 3699 1451 3714 ἶ

193 3742 281 3808 iniec
296 3744 448 3822 correpta
464 3739 612 3820 sequenti
629 3740 757 3821 syllaba
773 3738 937 3820 significat
952 3738 1109 3821 inductor,
1133 3740 1174 3803 ab
1189 3737 1366 3804 inliciendo.
1450 3745 1451 3754 ’

193 3852 345 3918 Plautus:
369 3870 456 3933 ‚esca
471 3856 524 3917 est
539 3850 703 3922 meretrix,
720 3856 836 3932 pectus
852 3847 948 3915 illex'.
987 3849 1034 3914 Cf.
1053 3848 1133 3916 Non.
1155 3853 1201 3915 10.
1218 3849 1311 3915 inlex.
1328 3888 1367 3896 -
1450 3835 1451 3844 ¹

195 3965 333 4029 Glossae
369 3962 544 4027 Verrianae
578 3962 609 4028 in
644 3962 751 4027 altera
784 3966 878 4043 parte
911 3960 1040 4057 positae
1074 3961 1274 4043 praecedunt
1305 3961 1366 4027 alia

193 4075 350 4141 vocabula
372 4076 414 4139 ab
436 4072 598 4139 illiciendo
621 4074 770 4154 deducta,
793 4079 827 4136 et
850 4071 986 4138 alterins
1009 4070 1116 4153 partis
1140 4072 1252 4153 glossa
1274 4075 1364 4153 p.*23.

193 4187 297 4252 allicit
317 4187 390 4267 ipsa
413 4203 538 4266 quoque
563 4184 713 4249 Plautina
735 4187 788 4248 est
811 4183 1003 4259 (Reitzenst.
1029 4184 1102 4260 dt).
1138 4181 1233 4249 Nonii
1256 4183 1365 4251 lemma

193 4303 244 4363 est
267 4317 306 4363 ex
328 4297 409 4362 libro
433 4299 471 4362 de
493 4297 682 4380 differentiis
702 4298 876 4362 verboram.
900 4314 930 4361 v.
956 4315 981 4360 s
1006 4314 1076 4375 cap.
1102 4294 1122 4359 l.
