2925 4909
669 247 877 311 ..30-

186 435 276 502 Paul.
302 437 351 498 711.
375 409 593 500 hostimeatom
619 433 766 499 beneficii
799 432 960 515 pensatio.
986 470 1025 479 —
1049 432 1246 499 Hostimenti
1268 452 1373 499 voca·

184 546 293 613 bulum
316 564 387 613 cum
422 545 508 626 apud
536 543 688 611 Plautum
720 564 785 611 uno
807 545 888 627 loco,
923 545 980 610 sed
1003 546 1089 627 apud
1122 546 1204 612 alios
1239 565 1373 627 quoqne

184 663 300 740 poetas
324 662 482 723 occurrat.
518 654 648 722 dubium
671 663 734 739 est,
769 656 811 721 ad
834 674 927 736 quem
962 660 1089 738 spectet
1115 655 1208 721 Pauli
1241 657 1371 738 glossa,

185 766 378 851 praesertim
401 786 472 833 corn
495 767 669 849 explicatio
694 766 800 832 Verrii
829 765 1067 848 simplicissima
1090 766 1135 832 sit
1157 768 1211 848 (61.
1237 768 1369 833 Loewe.

185 880 460 952 Prosenses).
495 878 583 956 Quae
605 877 753 945 Muelleri
774 875 939 943 sententia
961 882 1092 959 spectat
1115 879 1157 943 ad
1177 877 1269 944 Accii
1294 897 1371 944 ver·

186 1011 256 1057 sum
290 1011 330 1056 cx
352 990 552 1055 Athamante
585 1010 606 1055 a
636 988 737 1055 Nonio
766 991 837 1053 315.
870 1010 970 1071 prave
1003 993 1179 1072 servatum,
1213 989 1370 1054 Reitzen-

113 1158 116 1163 .
186 1101 296 1168 steinii
319 1104 369 1166 36.
392 1101 434 1166 ad
459 1100 554 1166 Ennii
576 1120 705 1168 versum
730 1100 816 1182 apud
838 1098 928 1164 Fest.
951 1099 1036 1165 XIII.
1061 1103 1089 1165 8.
1107 1104 1157 1165 21.
1180 1101 1369 1181 redhostire,

184 1214 327 1280 fortasse
350 1221 459 1278 autem
487 1212 639 1278 Plautina
667 1216 729 1277 est.
781 1213 826 1276 At
848 1230 919 1277 cunr
949 1209 1075 1277 Nonius
1096 1213 1136 1277 de
1159 1212 1310 1279 hostibus
1335 1218 1370 1276 et

183 1324 354 1391 hostieudo
378 1343 506 1405 quoque
522 1323 624 1389 faciat
645 1324 747 1388 verba
762 1322 833 1387 sine
849 1321 945 1388 dubio
969 1328 1100 1389 secutos
1117 1323 1369 1404 grammaticum

183 1473 225 1483 -
249 1436 306 1502 sed
339 1454 454 1501 vereor
476 1455 516 1500 ne
552 1432 657 1499 Plauti
680 1436 943 1515 commentatore,
978 1453 1049 1500 cum
1078 1435 1117 1499 de
1140 1434 1215 1500 aliis
1239 1453 1368 1516 quoque

183 1546 290 1630 poetIs
325 1551 453 1629 agatur,
486 1565 550 1611 non
579 1545 624 1610 sit
660 1563 739 1610 usus
767 1581 805 1591 -
829 1546 910 1610 utile
943 1550 994 1610 est
1026 1547 1154 1627 glossas
1187 1565 1369 1628 arcessere,

183 1679 265 1740 quas
282 1656 556 1722 Reitzensteinius
573 1658 622 1720 39.
640 1657 713 1721 adn.
730 1675 802 1721 cum
817 1656 907 1721 Pauli
922 1658 1035 1738 glossa
1051 1664 1210 1740 cognatas
1223 1657 1368 1723 confert:

184 1773 216 1841 a)
240 1768 330 1834 Fest.
356 1768 507 1833 1111121).
531 1771 579 1831 12.
603 1775 704 1833 statas
726 1769 795 1833 dies
816 1787 886 1833 crim
910 1769 1005 1834 hoste
1020 1774 1167 1851 vocatur,
1191 1769 1245 1850 qui
1266 1767 1369 1833 iudici

184 1900 284 1946 causa
312 1884 364 1945 est
397 1878 595 1944 constitutus
630 1899 700 1945 cum
730 1878 933 1961 peregrino.
957 1879 1027 1946 eius
1054 1879 1137 1945 eriim
1166 1880 1297 1963 generis
1325 1882 1367 1945 ab

185 1991 328 2072 antiquIs
350 1992 463 2056 hostes
487 1991 811 2072 appellabantur...
836 1994 935 2071 atque
957 1991 1079 2057 hostire
1101 1994 1283 2073 ponebatur
1308 2012 1366 2073 pro

185 2121 332 2184 aequare.
379 2102 513 2168 Plautus
547 2103 579 2167 in
603 2102 709 2168 Cura:
745 2102 785 2185 ,si
820 2085 928 2168 statos
961 2101 1129 2169 condictus
1164 2123 1238 2168 cum·
1268 2104 1366 2167 hoste

185 2214 361 2280 intercedit
376 2213 446 2279 dies
463 2265 469 2277 .
487 2265 495 2278 .
512 2210 535 2278 .'
559 2216 591 2289 b)
614 2212 705 2279 Fest.
728 2214 811 2279 XIII.
828 2218 856 2279 8.
882 2218 931 2279 21.
954 2216 1150 2280 redhostire.
1168 2266 1200 2280 ..
1227 2213 1308 2279 Nam
1331 2220 1366 2278 et

185 2326 309 2392 hostire
332 2346 390 2407 pro
418 2344 558 2406 aequare
587 2330 776 2406 posuerunt.
821 2325 1020 2391 Ennius...
1044 2324 1205 2392 Pacuvius
1228 2326 1364 2390 Teucro:

184 2437 259 2521 ,nisi
282 2439 412 2502 coerceo
436 2435 672 2518 protervitates
695 2443 794 2517 atque
815 2437 921 2502 hostio
937 2434 1116 2502 ferociam'.
1152 2439 1183 2514 6)
1205 2437 1295 2503 Paul.
1313 2440 1362 2502 76.

184 2549 282 2615 bostis
304 2549 388 2629 apud
411 2546 562 2628 antiquos
586 2547 778 2629 peregrinus
806 2548 1046 2615 dicebatur...
1075 2548 1222 2629 Denique
1249 2548 1363 2614 affero:

186 2658 266 2725 Non.
292 2663 360 2724 121.
388 2660 504 2725 hostire
530 2665 582 2724 est
605 2659 829 2741 comprimere,
860 2660 1014 2724 recedere
1037 2658 1159 2725 «lictum
1183 2661 1224 2724 ab
1247 2659 1362 2725 hostia.

186 2770 346 2837 Pacuvius
374 2773 511 2838 Teucro:
546 2770 619 2853 ,nisi
650 2790 821 2836 coercuero
851 2770 1098 2852 protervitatem
1130 2775 1229 2851 atque
1256 2772 1362 2836 hostio

185 2882 337 2948 ferociam
356 2934 362 2947 .
380 2934 386 2947 .
405 2880 422 2949 .'
455 2882 545 2948 Paul.
570 2885 620 2947 76.
643 2883 749 2948 hostie
771 2881 859 2946 dieta
874 2888 927 2946 est
942 2884 983 2946 ab
999 2902 1046 2954 eo,
1070 2883 1155 2962 quod
1172 2887 1225 2947 est
1241 2882 1362 2947 hostire

185 2994 292 3060 ferire.
310 3030 345 3039 -
366 2994 505 3071 Quarum
522 2996 706 3075 glossarum
722 2994 832 3059 fontes
851 2999 1004 3059 accurate
1028 2993 1213 3075 perspicere
1236 2993 1361 3058 difficile

109 3117 111 3121 ’
143 3165 145 3169 .
186 3112 246 3188 est,
271 3104 463 3187 praesertim
488 3105 516 3170 si
540 3109 692 3171 auctores
715 3105 798 3169 alias
817 3103 912 3170 simul
927 3105 1057 3186 glossas
1073 3106 1105 3170 in
1123 3104 1229 3170 animo
1245 3107 1360 3169 habere

185 3219 336 3285 videntur
370 3237 410 3280 ex
437 3215 511 3281 aliis
540 3216 684 3283 fontibus
718 3217 869 3281 haustas:
904 3216 995 3282 velut
1018 3216 1151 3282 Verrius
1185 3216 1217 3282 in
1251 3218 1360 3298 glossa

185 3337 285 3396 statos
300 3330 377 3411 dies,
401 3347 483 3408 quae
505 3328 583 3392 mibi
599 3327 752 3393 Plautina
768 3326 895 3393 videtur
917 3346 1002 3407 esse,
1025 3327 1056 3392 in
1075 3328 1230 3394 vocabulo
1253 3347 1359 3409 pere-

186 3440 300 3520 grino
323 3438 459 3519 respicit
482 3438 523 3502 ad
545 3439 689 3518 glossam
713 3439 803 3504 Paul.
828 3440 1003 3520 11166116,
1026 3458 1109 3519 quae
1132 3440 1205 3520 ipsa
1227 3459 1266 3504 ex
1282 3440 1357 3504 Var-

185 3570 263 3617 rone
286 3551 313 3615 11,
339 3551 360 3615 l.
384 3551 404 3615 l.
429 3553 459 3614 5.
483 3551 511 3615 3.
536 3549 697 3632 manavit3
720 3554 893 3632 praeterea
911 3551 1072 3616 rationem
1094 3551 1194 3615 habet
1217 3550 1356 3616 vocabuli

186 3662 355 3743 hostire,
380 3662 463 3742 quod
486 3660 566 3726 Fest
599 3661 683 3725 XIII.
709 3664 738 3726 8.
763 3665 812 3724 21.
837 3662 1011 3728 redhostire
1034 3660 1189 3743 exemplis
1214 3660 1305 3726 Ennii
1324 3668 1357 3726 et

187 3773 347 3841 Pacuvii
369 3774 523 3838 firmatur.
574 3771 620 3835 Ex
642 3772 868 3838 Pacuviano
902 3781 1009 3839 autem
1034 3773 1155 3838 Teucro
1178 3793 1290 3839 versus
1310 3794 1355 3838 re·

187 3886 287 3951 currit
302 3886 389 3967 apud
405 3882 485 3949 Non.
501 3887 558 3948 121
584 3885 708 3950 hostire.
743 3884 861 3949 Eodem
878 3885 949 3951 Ioco
971 3883 1125 3949 hostire
1141 3904 1211 3949 cum
1235 3885 1355 3951 hostia

186 3996 392 4077 coniungitur
414 4016 434 4060 a
458 3994 570 4077 Nonio,
600 3994 685 4061 sicut
708 4016 727 4061 a
758 3995 870 4061 Verrio
894 3995 927 4061 in
959 3996 1069 4076 glossa
1091 3997 1176 4077 apud
1201 3996 1278 4061 Paul
1309 4000 1351 4061 16.

186 4110 298 4175 hostin.
362 4110 393 4186 7)
427 4105 505 4173 Non.
543 4111 571 4172 6.
601 4108 769 4173 armedium
804 4107 923 4173 dicitur
955 4108 1131 4189 fatigatum
1165 4107 1283 4173 dictum
1315 4111 1352 4175 ab

186 4220 339 4287 exercitio
388 4219 600 4295 Sallustiusll)
625 4272 631 4283 .
656 4271 662 4283 .
689 4269 694 4281 .
721 4220 854 4285 Plautus
879 4218 1086 4284 Bachirlibus:
1112 4239 1205 4300 ,quae
1222 4220 1351 4286 sodalem
