<?xml version="1.0" encoding="UTF-8"?>
<!DOCTYPE html PUBLIC "-//W3C//DTD XHTML 1.0 Transitional//EN"
    "http://www.w3.org/TR/xhtml1/DTD/xhtml1-transitional.dtd">
<html xmlns="http://www.w3.org/1999/xhtml" xml:lang="en" lang="en">
 <head>
  <title>
</title>
<meta http-equiv="Content-Type" content="text/html;charset=utf-8" />
  <meta name='ocr-system' content='tesseract 3.04.00' />
  <meta name='ocr-capabilities' content='ocr_page ocr_carea ocr_par ocr_line ocrx_word'/>
</head>
<body>
  <div class='ocr_page' id='page_1' title='image "./denoniomarcello00froegoog_0045.png"; bbox 0 0 2925 4909; ppageno 0'>
   <div class='ocr_carea' id='block_1_1' title="bbox 561 313 769 380">
    <p class='ocr_par' dir='ltr' id='par_1_1' title="bbox 561 313 769 380">
     <span class='ocr_line' id='line_1_1' title="bbox 561 313 769 380; baseline -0.005 -18"><span class='ocrx_word' id='word_1_1' title='bbox 561 313 769 380; x_wconf 66' lang='lat'>„35-</span> 
     </span>
    </p>
   </div>
   <div class='ocr_carea' id='block_1_2' title="bbox 70 502 1335 2241">
    <p class='ocr_par' dir='ltr' id='par_1_2' title="bbox 70 502 1335 2241">
     <span class='ocr_line' id='line_1_2' title="bbox 70 502 1255 587; baseline 0.006 -21"><span class='ocrx_word' id='word_1_2' title='bbox 70 502 345 584; x_wconf 63' lang='grc'><strong>1161611111)...</strong></span> <span class='ocrx_word' id='word_1_3' title='bbox 370 503 458 569; x_wconf 84' lang='lat' dir='ltr'>Paul.</span> <span class='ocrx_word' id='word_1_4' title='bbox 485 505 554 568; x_wconf 76' lang='lat'>120.</span> <span class='ocrx_word' id='word_1_5' title='bbox 572 505 747 587; x_wconf 80' lang='lat' dir='ltr'>putapiara</span> <span class='ocrx_word' id='word_1_6' title='bbox 769 509 831 586; x_wconf 87' lang='lat' dir='ltr'>est,</span> <span class='ocrx_word' id='word_1_7' title='bbox 855 505 938 585; x_wconf 88' lang='lat' dir='ltr'>quod</span> <span class='ocrx_word' id='word_1_8' title='bbox 961 506 1003 570; x_wconf 91' lang='lat' dir='ltr'>ad</span> <span class='ocrx_word' id='word_1_9' title='bbox 1026 525 1180 572; x_wconf 87' lang='lat' dir='ltr'>summam</span> <span class='ocrx_word' id='word_1_10' title='bbox 1200 511 1255 574; x_wconf 90' lang='lat' dir='ltr'>tu·</span> 
     </span>
     <span class='ocr_line' id='line_1_3' title="bbox 70 613 1255 701; baseline 0.003 -22"><span class='ocrx_word' id='word_1_11' title='bbox 70 613 176 679; x_wconf 87' lang='lat' dir='ltr'>nicam</span> <span class='ocrx_word' id='word_1_12' title='bbox 199 615 294 680; x_wconf 90' lang='lat' dir='ltr'>assui</span> <span class='ocrx_word' id='word_1_13' title='bbox 316 614 411 695; x_wconf 89' lang='lat' dir='ltr'>solet,</span> <span class='ocrx_word' id='word_1_14' title='bbox 437 635 519 696; x_wconf 84' lang='lat' dir='ltr'>qnae</span> <span class='ocrx_word' id='word_1_15' title='bbox 534 621 569 681; x_wconf 92' lang='lat' dir='ltr'>et</span> <span class='ocrx_word' id='word_1_16' title='bbox 583 614 756 698; x_wconf 89' lang='lat' dir='ltr'>patagiata</span> <span class='ocrx_word' id='word_1_17' title='bbox 777 613 906 698; x_wconf 85' lang='lat' dir='ltr'>dieitur,</span> <span class='ocrx_word' id='word_1_18' title='bbox 932 619 967 681; x_wconf 93' lang='lat' dir='ltr'>et</span> <span class='ocrx_word' id='word_1_19' title='bbox 988 617 1177 701; x_wconf 85' lang='lat' dir='ltr'>patagiarii,</span> <span class='ocrx_word' id='word_1_20' title='bbox 1200 619 1255 700; x_wconf 87' lang='lat' dir='ltr'>qni</span> 
     </span>
     <span class='ocr_line' id='line_1_4' title="bbox 71 725 1254 796; baseline 0.004 -6"><span class='ocrx_word' id='word_1_21' title='bbox 71 725 232 792; x_wconf 85' lang='lat' dir='ltr'>eiusmodi</span> <span class='ocrx_word' id='word_1_22' title='bbox 255 725 389 792; x_wconf 84' lang='lat' dir='ltr'>faciunt.</span> <span class='ocrx_word' id='word_1_23' title='bbox 408 762 445 771; x_wconf 88' lang='lat'><em>-</em></span> <span class='ocrx_word' id='word_1_24' title='bbox 463 726 581 793; x_wconf 87' lang='lat' dir='ltr'>Glossa</span> <span class='ocrx_word' id='word_1_25' title='bbox 602 725 751 792; x_wconf 91' lang='lat' dir='ltr'>Noniana</span> <span class='ocrx_word' id='word_1_26' title='bbox 774 725 878 791; x_wconf 89' lang='lat' dir='ltr'>estin</span> <span class='ocrx_word' id='word_1_27' title='bbox 901 726 1013 792; x_wconf 84' lang='lat' dir='ltr'>ordine</span> <span class='ocrx_word' id='word_1_28' title='bbox 1027 730 1254 796; x_wconf 86' lang='lat' dir='ltr'>vocabulorum</span> 
     </span>
     <span class='ocr_line' id='line_1_5' title="bbox 71 836 1254 919; baseline 0.005 -18"><span class='ocrx_word' id='word_1_29' title='bbox 71 855 109 902; x_wconf 85' lang='lat' dir='ltr'>ex</span> <span class='ocrx_word' id='word_1_30' title='bbox 131 836 246 903; x_wconf 91' lang='lat' dir='ltr'>Plauti</span> <span class='ocrx_word' id='word_1_31' title='bbox 263 836 395 918; x_wconf 80' lang='lat' dir='ltr'>Epidico</span> <span class='ocrx_word' id='word_1_32' title='bbox 412 839 441 901; x_wconf 77' lang='grc'>1.</span> <span class='ocrx_word' id='word_1_33' title='bbox 458 840 487 902; x_wconf 82' lang='lat'>2.</span> <span class='ocrx_word' id='word_1_34' title='bbox 505 840 642 903; x_wconf 81' lang='grc'><strong>46-49.</strong></span> <span class='ocrx_word' id='word_1_35' title='bbox 658 836 858 904; x_wconf 83' lang='grc'><strong>1661116116</strong></span> <span class='ocrx_word' id='word_1_36' title='bbox 874 837 1136 919; x_wconf 83' lang='lat' dir='ltr'>significantium.</span> <span class='ocrx_word' id='word_1_37' title='bbox 1176 841 1254 907; x_wconf 84' lang='lat' dir='ltr'>Cum</span> 
     </span>
     <span class='ocr_line' id='line_1_6' title="bbox 73 944 1255 1031; baseline 0.005 -18"><span class='ocrx_word' id='word_1_38' title='bbox 73 944 278 1031; x_wconf 85' lang='lat' dir='ltr'>,patagiata&#39;</span> <span class='ocrx_word' id='word_1_39' title='bbox 301 947 334 1013; x_wconf 93' lang='lat' dir='ltr'>in</span> <span class='ocrx_word' id='word_1_40' title='bbox 369 948 438 1014; x_wconf 92' lang='grc'><strong>6616</strong></span> <span class='ocrx_word' id='word_1_41' title='bbox 471 967 570 1014; x_wconf 83' lang='grc'><strong>16161</strong></span> <span class='ocrx_word' id='word_1_42' title='bbox 597 948 690 1029; x_wconf 85' lang='lat' dir='ltr'>Epid.</span> <span class='ocrx_word' id='word_1_43' title='bbox 713 951 744 1012; x_wconf 77' lang='lat'>2.</span> <span class='ocrx_word' id='word_1_44' title='bbox 767 952 797 1013; x_wconf 78' lang='grc'><strong>2.</strong></span> <span class='ocrx_word' id='word_1_45' title='bbox 820 951 882 1030; x_wconf 77' lang='lat'>47,</span> <span class='ocrx_word' id='word_1_46' title='bbox 905 948 1106 1031; x_wconf 81' lang='lat' dir='ltr'>,patagiarii&#39;</span> <span class='ocrx_word' id='word_1_47' title='bbox 1129 951 1162 1017; x_wconf 94' lang='lat' dir='ltr'>in</span> <span class='ocrx_word' id='word_1_48' title='bbox 1186 953 1255 1019; x_wconf 91' lang='lat' dir='ltr'>solo</span> 
     </span>
     <span class='ocr_line' id='line_1_7' title="bbox 70 1058 1254 1143; baseline 0.003 -19"><span class='ocrx_word' id='word_1_49' title='bbox 70 1079 165 1126; x_wconf 81' lang='lat' dir='ltr'>versu</span> <span class='ocrx_word' id='word_1_50' title='bbox 181 1060 258 1126; x_wconf 88' lang='lat' dir='ltr'>Aul.</span> <span class='ocrx_word' id='word_1_51' title='bbox 272 1058 949 1143; x_wconf 67' lang='grc'><strong>1131161111,106161111166611116,</strong></span> <span class='ocrx_word' id='word_1_52' title='bbox 962 1062 1118 1142; x_wconf 90' lang='lat' dir='ltr'>quomodo</span> <span class='ocrx_word' id='word_1_53' title='bbox 1131 1062 1254 1129; x_wconf 86' lang='lat' dir='ltr'>factum</span> 
     </span>
     <span class='ocr_line' id='line_1_8' title="bbox 72 1169 1255 1254; baseline 0.002 -18"><span class='ocrx_word' id='word_1_54' title='bbox 72 1170 124 1254; x_wconf 90' lang='lat' dir='ltr'>sit,</span> <span class='ocrx_word' id='word_1_55' title='bbox 147 1177 185 1237; x_wconf 90' lang='lat' dir='ltr'>ut</span> <span class='ocrx_word' id='word_1_56' title='bbox 204 1169 377 1235; x_wconf 85' lang='lat' dir='ltr'>Verriusa</span> <span class='ocrx_word' id='word_1_57' title='bbox 398 1169 531 1251; x_wconf 85' lang='lat' dir='ltr'>patagio</span> <span class='ocrx_word' id='word_1_58' title='bbox 554 1171 788 1252; x_wconf 86' lang='lat' dir='ltr'>proficiscatur.</span> <span class='ocrx_word' id='word_1_59' title='bbox 834 1172 887 1251; x_wconf 78' lang='lat'>20)</span> <span class='ocrx_word' id='word_1_60' title='bbox 910 1171 1080 1238; x_wconf 78' lang='grc'><strong>11611543.</strong></span> <span class='ocrx_word' id='word_1_61' title='bbox 1101 1174 1181 1239; x_wconf 84' lang='grc'><strong>6116</strong></span> <span class='ocrx_word' id='word_1_62' title='bbox 1202 1175 1255 1241; x_wconf 81' lang='grc'>161</span> 
     </span>
     <span class='ocr_line' id='line_1_9' title="bbox 71 1281 1253 1365; baseline 0.003 -19"><span class='ocrx_word' id='word_1_63' title='bbox 71 1283 144 1364; x_wconf 87' lang='grc'><strong>6116,</strong></span> <span class='ocrx_word' id='word_1_64' title='bbox 179 1302 292 1364; x_wconf 86' lang='lat' dir='ltr'>quam</span> <span class='ocrx_word' id='word_1_65' title='bbox 314 1302 384 1348; x_wconf 91' lang='lat' dir='ltr'>nos</span> <span class='ocrx_word' id='word_1_66' title='bbox 413 1282 533 1347; x_wconf 93' lang='lat' dir='ltr'>ollam</span> <span class='ocrx_word' id='word_1_67' title='bbox 560 1281 724 1349; x_wconf 83' lang='lat' dir='ltr'><strong>dicimus</strong></span> <span class='ocrx_word' id='word_1_68' title='bbox 749 1335 755 1347; x_wconf 94' lang='lat'><em>.</em></span> <span class='ocrx_word' id='word_1_69' title='bbox 780 1287 888 1349; x_wconf 86' lang='grc'><strong>61661</strong></span> <span class='ocrx_word' id='word_1_70' title='bbox 914 1283 1161 1365; x_wconf 87' lang='lat' dir='ltr'>capacissimum</span> <span class='ocrx_word' id='word_1_71' title='bbox 1184 1304 1253 1351; x_wconf 89' lang='lat' dir='ltr'>vas.</span> 
     </span>
     <span class='ocr_line' id='line_1_10' title="bbox 72 1392 1255 1479; baseline 0.003 -22"><span class='ocrx_word' id='word_1_72' title='bbox 72 1392 207 1460; x_wconf 90' lang='lat' dir='ltr'>Plautus</span> <span class='ocrx_word' id='word_1_73' title='bbox 231 1392 265 1459; x_wconf 91' lang='lat' dir='ltr'>in</span> <span class='ocrx_word' id='word_1_74' title='bbox 289 1395 404 1475; x_wconf 82' lang='lat' dir='ltr'>Amph.</span> <span class='ocrx_word' id='word_1_75' title='bbox 423 1445 455 1459; x_wconf 89' lang='lat'>..</span> <span class='ocrx_word' id='word_1_76' title='bbox 481 1392 584 1458; x_wconf 83' lang='lat' dir='ltr'>Varro</span> <span class='ocrx_word' id='word_1_77' title='bbox 601 1443 634 1457; x_wconf 90' lang='lat'>..</span> <span class='ocrx_word' id='word_1_78' title='bbox 659 1394 747 1460; x_wconf 83' lang='lat' dir='ltr'><strong>Paul.</strong></span> <span class='ocrx_word' id='word_1_79' title='bbox 764 1397 815 1459; x_wconf 76' lang='lat' dir='ltr'>ab.</span> <span class='ocrx_word' id='word_1_80' title='bbox 832 1395 929 1463; x_wconf 79' lang='lat' dir='ltr'>calos</span> <span class='ocrx_word' id='word_1_81' title='bbox 943 1394 1070 1475; x_wconf 81' lang='lat' dir='ltr'>antiqui</span> <span class='ocrx_word' id='word_1_82' title='bbox 1093 1394 1255 1479; x_wconf 77' lang='lat' dir='ltr'>dicebant,</span> 
     </span>
     <span class='ocr_line' id='line_1_11' title="bbox 73 1504 1256 1587; baseline 0.004 -18"><span class='ocrx_word' id='word_1_83' title='bbox 73 1523 167 1584; x_wconf 87' lang='lat' dir='ltr'>quas</span> <span class='ocrx_word' id='word_1_84' title='bbox 196 1524 266 1571; x_wconf 87' lang='lat' dir='ltr'>uos</span> <span class='ocrx_word' id='word_1_85' title='bbox 292 1504 459 1570; x_wconf 81' lang='lat' dir='ltr'>dicimus</span> <span class='ocrx_word' id='word_1_86' title='bbox 483 1504 605 1587; x_wconf 90' lang='lat' dir='ltr'>ollas,</span> <span class='ocrx_word' id='word_1_87' title='bbox 629 1504 704 1586; x_wconf 89' lang='lat' dir='ltr'>qnia</span> <span class='ocrx_word' id='word_1_88' title='bbox 726 1505 847 1572; x_wconf 90' lang='lat' dir='ltr'>unllam</span> <span class='ocrx_word' id='word_1_89' title='bbox 869 1505 1012 1571; x_wconf 76' lang='lat' dir='ltr'>litteram</span> <span class='ocrx_word' id='word_1_90' title='bbox 1036 1505 1256 1587; x_wconf 79' lang='lat' dir='ltr'>geminabant.</span> 
     </span>
     <span class='ocr_line' id='line_1_12' title="bbox 72 1614 1258 1700; baseline 0.005 -22"><span class='ocrx_word' id='word_1_91' title='bbox 72 1614 185 1696; x_wconf 88' lang='lat' dir='ltr'>ltaque</span> <span class='ocrx_word' id='word_1_92' title='bbox 202 1615 362 1682; x_wconf 86' lang='lat' dir='ltr'>aulieoeia</span> <span class='ocrx_word' id='word_1_93' title='bbox 377 1622 465 1698; x_wconf 83' lang='lat' dir='ltr'>exta,</span> <span class='ocrx_word' id='word_1_94' title='bbox 487 1616 618 1696; x_wconf 89' lang='lat' dir='ltr'>quaein</span> <span class='ocrx_word' id='word_1_95' title='bbox 642 1616 715 1683; x_wconf 90' lang='lat' dir='ltr'>ollis</span> <span class='ocrx_word' id='word_1_96' title='bbox 731 1619 961 1700; x_wconf 79' lang='lat' dir='ltr'>coquebantur,</span> <span class='ocrx_word' id='word_1_97' title='bbox 978 1616 1141 1700; x_wconf 89' lang='lat' dir='ltr'>dicebant,</span> <span class='ocrx_word' id='word_1_98' title='bbox 1158 1619 1258 1686; x_wconf 88' lang='lat' dir='ltr'>idest</span> 
     </span>
     <span class='ocr_line' id='line_1_13' title="bbox 74 1725 1335 1814; baseline 0.007 -25"><span class='ocrx_word' id='word_1_99' title='bbox 74 1726 165 1793; x_wconf 84' lang='lat' dir='ltr'>elixa.</span> <span class='ocrx_word' id='word_1_100' title='bbox 191 1764 232 1773; x_wconf 92' lang='lat'>-—</span> <span class='ocrx_word' id='word_1_101' title='bbox 259 1727 347 1793; x_wconf 85' lang='lat' dir='ltr'>Haeo</span> <span class='ocrx_word' id='word_1_102' title='bbox 369 1729 483 1808; x_wconf 86' lang='lat' dir='ltr'>glossa</span> <span class='ocrx_word' id='word_1_103' title='bbox 505 1727 598 1792; x_wconf 90' lang='lat' dir='ltr'>initio</span> <span class='ocrx_word' id='word_1_104' title='bbox 614 1728 689 1793; x_wconf 88' lang='lat' dir='ltr'>libri</span> <span class='ocrx_word' id='word_1_105' title='bbox 713 1728 782 1794; x_wconf 66' lang='lat' dir='ltr'>llll.</span> <span class='ocrx_word' id='word_1_106' title='bbox 807 1725 946 1794; x_wconf 89' lang='lat' dir='ltr'>Noniani</span> <span class='ocrx_word' id='word_1_107' title='bbox 967 1728 1078 1810; x_wconf 90' lang='lat' dir='ltr'>posita</span> <span class='ocrx_word' id='word_1_108' title='bbox 1093 1734 1156 1814; x_wconf 91' lang='grc'><strong>661,</strong></span> <span class='ocrx_word' id='word_1_109' title='bbox 1181 1737 1256 1813; x_wconf 89' lang='lat' dir='ltr'>post</span> <span class='ocrx_word' id='word_1_110' title='bbox 1333 1774 1335 1778; x_wconf 34' lang='lat' dir='ltr'>v</span> 
     </span>
     <span class='ocr_line' id='line_1_14' title="bbox 74 1839 1257 1923; baseline 0.006 -21"><span class='ocrx_word' id='word_1_111' title='bbox 74 1856 141 1904; x_wconf 90' lang='lat' dir='ltr'>eam</span> <span class='ocrx_word' id='word_1_112' title='bbox 166 1844 239 1905; x_wconf 88' lang='lat' dir='ltr'>tres</span> <span class='ocrx_word' id='word_1_113' title='bbox 263 1839 410 1921; x_wconf 83' lang='lat' dir='ltr'>exempla</span> <span class='ocrx_word' id='word_1_114' title='bbox 432 1858 473 1903; x_wconf 89' lang='lat' dir='ltr'>ex</span> <span class='ocrx_word' id='word_1_115' title='bbox 506 1840 622 1921; x_wconf 84' lang='lat' dir='ltr'>Amph.</span> <span class='ocrx_word' id='word_1_116' title='bbox 657 1844 691 1904; x_wconf 91' lang='lat' dir='ltr'>et</span> <span class='ocrx_word' id='word_1_117' title='bbox 717 1840 790 1906; x_wconf 83' lang='lat' dir='ltr'>Aul.</span> <span class='ocrx_word' id='word_1_118' title='bbox 826 1839 1041 1907; x_wconf 89' lang='lat' dir='ltr'>continentes.</span> <span class='ocrx_word' id='word_1_119' title='bbox 1088 1842 1257 1923; x_wconf 77' lang='lat' dir='ltr'>Cognatae</span> 
     </span>
     <span class='ocr_line' id='line_1_15' title="bbox 74 1950 1256 2033; baseline 0.006 -20"><span class='ocrx_word' id='word_1_120' title='bbox 74 1956 180 2017; x_wconf 91' lang='lat' dir='ltr'>antem</span> <span class='ocrx_word' id='word_1_121' title='bbox 206 1955 286 2018; x_wconf 92' lang='lat' dir='ltr'>sunt</span> <span class='ocrx_word' id='word_1_122' title='bbox 319 1952 449 2032; x_wconf 89' lang='lat' dir='ltr'>glossae</span> <span class='ocrx_word' id='word_1_123' title='bbox 484 1950 699 2032; x_wconf 86' lang='lat' dir='ltr'>grammatica</span> <span class='ocrx_word' id='word_1_124' title='bbox 732 1952 772 2016; x_wconf 92' lang='lat' dir='ltr'>de</span> <span class='ocrx_word' id='word_1_125' title='bbox 805 1950 942 2033; x_wconf 89' lang='lat' dir='ltr'>antiqua</span> <span class='ocrx_word' id='word_1_126' title='bbox 969 1952 1119 2019; x_wconf 88' lang='lat' dir='ltr'>vocabuli</span> <span class='ocrx_word' id='word_1_127' title='bbox 1152 1953 1256 2020; x_wconf 81' lang='lat' dir='ltr'>forma</span> 
     </span>
     <span class='ocr_line' id='line_1_16' title="bbox 76 2061 1255 2146; baseline 0.002 -18"><span class='ocrx_word' id='word_1_128' title='bbox 76 2061 274 2141; x_wconf 85' lang='lat' dir='ltr'>quaestione.</span> <span class='ocrx_word' id='word_1_129' title='bbox 315 2062 411 2142; x_wconf 83' lang='lat' dir='ltr'>Apud</span> <span class='ocrx_word' id='word_1_130' title='bbox 432 2061 580 2128; x_wconf 88' lang='lat' dir='ltr'>Plautum</span> <span class='ocrx_word' id='word_1_131' title='bbox 597 2062 672 2128; x_wconf 89' lang='lat' dir='ltr'>aula</span> <span class='ocrx_word' id='word_1_132' title='bbox 695 2061 827 2144; x_wconf 87' lang='lat' dir='ltr'>saepius</span> <span class='ocrx_word' id='word_1_133' title='bbox 850 2066 953 2145; x_wconf 84' lang='lat' dir='ltr'>extat,</span> <span class='ocrx_word' id='word_1_134' title='bbox 977 2063 1145 2146; x_wconf 88' lang='lat' dir='ltr'>‚aulicooia</span> <span class='ocrx_word' id='word_1_135' title='bbox 1164 2062 1255 2131; x_wconf 84' lang='lat' dir='ltr'>exta&#39;</span> 
     </span>
     <span class='ocr_line' id='line_1_17' title="bbox 76 2173 541 2241; baseline 0.006 -5"><span class='ocrx_word' id='word_1_136' title='bbox 76 2191 113 2237; x_wconf 83' lang='lat' dir='ltr'>ex</span> <span class='ocrx_word' id='word_1_137' title='bbox 135 2173 238 2241; x_wconf 89' lang='lat' dir='ltr'>Paulo</span> <span class='ocrx_word' id='word_1_138' title='bbox 262 2174 330 2240; x_wconf 93' lang='grc'><strong>6616</strong></span> <span class='ocrx_word' id='word_1_139' title='bbox 353 2182 433 2239; x_wconf 85' lang='grc'><strong>1616</strong></span> <span class='ocrx_word' id='word_1_140' title='bbox 455 2179 541 2239; x_wconf 88' lang='grc'><strong>6111.</strong></span> 
     </span>
    </p>
   </div>
   <div class='ocr_carea' id='block_1_3' title="bbox 27 2335 1258 3863">
    <p class='ocr_par' dir='ltr' id='par_1_3' title="bbox 27 2335 1258 3863">
     <span class='ocr_line' id='line_1_18' title="bbox 159 2335 1256 2419; baseline 0.001 -17"><span class='ocrx_word' id='word_1_141' title='bbox 159 2337 317 2414; x_wconf 77' lang='lat' dir='ltr'>Quoniam</span> <span class='ocrx_word' id='word_1_142' title='bbox 341 2336 471 2417; x_wconf 82' lang='lat' dir='ltr'>glossas</span> <span class='ocrx_word' id='word_1_143' title='bbox 488 2337 740 2418; x_wconf 67' lang='lat' dir='ltr'>percensuimus</span> <span class='ocrx_word' id='word_1_144' title='bbox 764 2335 880 2419; x_wconf 85' lang='lat' dir='ltr'>quibus</span> <span class='ocrx_word' id='word_1_145' title='bbox 897 2336 1075 2403; x_wconf 85' lang='lat' dir='ltr'>Verrianae</span> <span class='ocrx_word' id='word_1_146' title='bbox 1098 2338 1169 2404; x_wconf 87' lang='lat' dir='ltr'>sine</span> <span class='ocrx_word' id='word_1_147' title='bbox 1185 2357 1256 2404; x_wconf 88' lang='lat' dir='ltr'>ver·</span> 
     </span>
     <span class='ocr_line' id='line_1_19' title="bbox 78 2443 1255 2530; baseline 0.004 -21"><span class='ocrx_word' id='word_1_148' title='bbox 78 2443 164 2513; x_wconf 84' lang='lat' dir='ltr'>sibus</span> <span class='ocrx_word' id='word_1_149' title='bbox 186 2446 396 2529; x_wconf 87' lang='lat' dir='ltr'>respondent,</span> <span class='ocrx_word' id='word_1_150' title='bbox 418 2466 482 2513; x_wconf 89' lang='grc'>161</span> <span class='ocrx_word' id='word_1_151' title='bbox 504 2447 722 2513; x_wconf 88' lang='lat' dir='ltr'>necessarium</span> <span class='ocrx_word' id='word_1_152' title='bbox 747 2447 809 2512; x_wconf 88' lang='lat' dir='ltr'>erit</span> <span class='ocrx_word' id='word_1_153' title='bbox 832 2453 978 2529; x_wconf 87' lang='lat' dir='ltr'>repetere</span> <span class='ocrx_word' id='word_1_154' title='bbox 1001 2448 1066 2514; x_wconf 84' lang='lat' dir='ltr'>uix</span> <span class='ocrx_word' id='word_1_155' title='bbox 1087 2469 1255 2530; x_wconf 88' lang='lat' dir='ltr'>unquam</span> 
     </span>
     <span class='ocr_line' id='line_1_20' title="bbox 27 2554 1257 2641; baseline 0.006 -23"><span class='ocrx_word' id='word_1_156' title='bbox 27 2602 31 2604; x_wconf 12' lang='grc' dir='ltr'><strong>Α</strong></span> <span class='ocrx_word' id='word_1_157' title='bbox 78 2554 249 2624; x_wconf 89' lang='lat' dir='ltr'>inveniri</span> <span class='ocrx_word' id='word_1_158' title='bbox 272 2577 430 2623; x_wconf 90' lang='lat' dir='ltr'>cansam</span> <span class='ocrx_word' id='word_1_159' title='bbox 455 2578 552 2639; x_wconf 90' lang='lat' dir='ltr'>quae</span> <span class='ocrx_word' id='word_1_160' title='bbox 574 2578 644 2624; x_wconf 91' lang='lat' dir='ltr'>nos</span> <span class='ocrx_word' id='word_1_161' title='bbox 672 2564 789 2641; x_wconf 84' lang='lat' dir='ltr'>cogat</span> <span class='ocrx_word' id='word_1_162' title='bbox 812 2558 1102 2625; x_wconf 88' lang='lat' dir='ltr'>similitudines</span> <span class='ocrx_word' id='word_1_163' title='bbox 1127 2560 1257 2626; x_wconf 87' lang='lat' dir='ltr'>Verrii</span> 
     </span>
     <span class='ocr_line' id='line_1_21' title="bbox 79 2668 1257 2739; baseline 0.006 -10"><span class='ocrx_word' id='word_1_164' title='bbox 79 2672 116 2731; x_wconf 90' lang='grc'>61</span> <span class='ocrx_word' id='word_1_165' title='bbox 137 2668 256 2736; x_wconf 86' lang='lat' dir='ltr'>Nouii</span> <span class='ocrx_word' id='word_1_166' title='bbox 277 2668 337 2733; x_wconf 89' lang='lat' dir='ltr'>ita</span> <span class='ocrx_word' id='word_1_167' title='bbox 359 2668 566 2734; x_wconf 88' lang='lat' dir='ltr'>declarare</span> <span class='ocrx_word' id='word_1_168' title='bbox 589 2675 633 2735; x_wconf 91' lang='lat' dir='ltr'>ut</span> <span class='ocrx_word' id='word_1_169' title='bbox 661 2674 883 2736; x_wconf 84' lang='lat' dir='ltr'>statuamus</span> <span class='ocrx_word' id='word_1_170' title='bbox 906 2690 973 2737; x_wconf 91' lang='grc'>666</span> <span class='ocrx_word' id='word_1_171' title='bbox 997 2671 1136 2737; x_wconf 88' lang='lat' dir='ltr'>iisdem</span> <span class='ocrx_word' id='word_1_172' title='bbox 1160 2691 1257 2739; x_wconf 87' lang='lat' dir='ltr'>eom·</span> 
     </span>
     <span class='ocr_line' id='line_1_22' title="bbox 78 2780 1257 2849; baseline 0.006 -7"><span class='ocrx_word' id='word_1_173' title='bbox 78 2780 288 2847; x_wconf 90' lang='lat' dir='ltr'>mentariis</span> <span class='ocrx_word' id='word_1_174' title='bbox 326 2780 530 2847; x_wconf 89' lang='lat' dir='ltr'>Plautinis</span> <span class='ocrx_word' id='word_1_175' title='bbox 569 2801 657 2846; x_wconf 89' lang='lat' dir='ltr'>usos</span> <span class='ocrx_word' id='word_1_176' title='bbox 696 2800 791 2846; x_wconf 89' lang='lat' dir='ltr'>esse.</span> <span class='ocrx_word' id='word_1_177' title='bbox 849 2781 917 2847; x_wconf 91' lang='lat' dir='ltr'>Hoc</span> <span class='ocrx_word' id='word_1_178' title='bbox 950 2787 1078 2848; x_wconf 87' lang='lat' dir='ltr'>tantum</span> <span class='ocrx_word' id='word_1_179' title='bbox 1110 2803 1257 2849; x_wconf 90' lang='lat' dir='ltr'>moneam</span> 
     </span>
     <span class='ocr_line' id='line_1_23' title="bbox 81 2891 1258 2976; baseline 0.006 -23"><span class='ocrx_word' id='word_1_180' title='bbox 81 2894 240 2974; x_wconf 90' lang='lat' dir='ltr'>saepius</span> <span class='ocrx_word' id='word_1_181' title='bbox 268 2893 423 2975; x_wconf 80' lang='lat' dir='ltr'>glossas</span> <span class='ocrx_word' id='word_1_182' title='bbox 450 2891 488 2956; x_wconf 93' lang='lat' dir='ltr'>in</span> <span class='ocrx_word' id='word_1_183' title='bbox 523 2893 609 2957; x_wconf 92' lang='lat' dir='ltr'>sola</span> <span class='ocrx_word' id='word_1_184' title='bbox 641 2891 914 2973; x_wconf 84' lang='lat' dir='ltr'>explicatione</span> <span class='ocrx_word' id='word_1_185' title='bbox 936 2892 996 2958; x_wconf 91' lang='lat' dir='ltr'>vel</span> <span class='ocrx_word' id='word_1_186' title='bbox 1020 2894 1258 2976; x_wconf 90' lang='lat' dir='ltr'>etymologia</span> 
     </span>
     <span class='ocr_line' id='line_1_24' title="bbox 80 3001 1257 3087; baseline 0.005 -23"><span class='ocrx_word' id='word_1_187' title='bbox 80 3001 195 3087; x_wconf 86' lang='lat' dir='ltr'>coire,</span> <span class='ocrx_word' id='word_1_188' title='bbox 220 3008 258 3069; x_wconf 93' lang='lat' dir='ltr'>ut</span> <span class='ocrx_word' id='word_1_189' title='bbox 272 3003 350 3068; x_wconf 88' lang='grc'><strong>111111</strong></span> <span class='ocrx_word' id='word_1_190' title='bbox 372 3023 436 3068; x_wconf 90' lang='grc'>161</span> <span class='ocrx_word' id='word_1_191' title='bbox 453 3001 581 3068; x_wconf 91' lang='lat' dir='ltr'>dubium</span> <span class='ocrx_word' id='word_1_192' title='bbox 599 3002 654 3084; x_wconf 89' lang='lat' dir='ltr'>sit,</span> <span class='ocrx_word' id='word_1_193' title='bbox 678 3002 754 3084; x_wconf 87' lang='lat' dir='ltr'>quin</span> <span class='ocrx_word' id='word_1_194' title='bbox 770 3023 809 3068; x_wconf 82' lang='lat' dir='ltr'>ex</span> <span class='ocrx_word' id='word_1_195' title='bbox 831 3003 1054 3086; x_wconf 83' lang='lat' dir='ltr'>etymologieis</span> <span class='ocrx_word' id='word_1_196' title='bbox 1070 3005 1257 3086; x_wconf 87' lang='lat' dir='ltr'>grammati·</span> 
     </span>
     <span class='ocr_line' id='line_1_25' title="bbox 81 3112 1258 3198; baseline 0.006 -24"><span class='ocrx_word' id='word_1_197' title='bbox 81 3129 185 3180; x_wconf 87' lang='lat' dir='ltr'>eornm</span> <span class='ocrx_word' id='word_1_198' title='bbox 209 3114 334 3180; x_wconf 83' lang='lat' dir='ltr'>horreis</span> <span class='ocrx_word' id='word_1_199' title='bbox 358 3112 480 3179; x_wconf 87' lang='lat' dir='ltr'>Nonius</span> <span class='ocrx_word' id='word_1_200' title='bbox 503 3115 606 3179; x_wconf 89' lang='lat' dir='ltr'>multa</span> <span class='ocrx_word' id='word_1_201' title='bbox 628 3115 799 3197; x_wconf 80' lang='lat' dir='ltr'>receperit,</span> <span class='ocrx_word' id='word_1_202' title='bbox 823 3116 907 3195; x_wconf 88' lang='lat' dir='ltr'>quod</span> <span class='ocrx_word' id='word_1_203' title='bbox 922 3116 1042 3198; x_wconf 89' lang='lat' dir='ltr'>optime</span> <span class='ocrx_word' id='word_1_204' title='bbox 1065 3115 1258 3198; x_wconf 81' lang='lat' dir='ltr'>intelligitm·</span> 
     </span>
     <span class='ocr_line' id='line_1_26' title="bbox 81 3221 1256 3309; baseline 0.006 -24"><span class='ocrx_word' id='word_1_205' title='bbox 81 3221 210 3300; x_wconf 84' lang='lat' dir='ltr'>glossis:</span> <span class='ocrx_word' id='word_1_206' title='bbox 235 3226 393 3308; x_wconf 91' lang='lat' dir='ltr'>capulum,</span> <span class='ocrx_word' id='word_1_207' title='bbox 415 3226 656 3308; x_wconf 88' lang='lat' dir='ltr'>hostimentum,</span> <span class='ocrx_word' id='word_1_208' title='bbox 690 3245 854 3309; x_wconf 78' lang='lat' dir='ltr'>saporare,</span> <span class='ocrx_word' id='word_1_209' title='bbox 889 3226 1094 3309; x_wconf 83' lang='lat' dir='ltr'>examussim,</span> <span class='ocrx_word' id='word_1_210' title='bbox 1126 3246 1256 3309; x_wconf 89' lang='lat' dir='ltr'>vernas,</span> 
     </span>
     <span class='ocr_line' id='line_1_27' title="bbox 81 3335 1257 3426; baseline 0.008 -32"><span class='ocrx_word' id='word_1_211' title='bbox 81 3335 280 3419; x_wconf 85' lang='lat' dir='ltr'>concinnare,</span> <span class='ocrx_word' id='word_1_212' title='bbox 313 3337 424 3419; x_wconf 90' lang='lat' dir='ltr'>blatis,</span> <span class='ocrx_word' id='word_1_213' title='bbox 453 3336 647 3426; x_wconf 86' lang='lat' dir='ltr'>percontari,</span> <span class='ocrx_word' id='word_1_214' title='bbox 682 3359 766 3418; x_wconf 90' lang='lat' dir='ltr'>quae</span> <span class='ocrx_word' id='word_1_215' title='bbox 800 3358 909 3404; x_wconf 91' lang='lat' dir='ltr'>omnes</span> <span class='ocrx_word' id='word_1_216' title='bbox 945 3341 1060 3403; x_wconf 83' lang='grc'><strong>611611</strong></span> <span class='ocrx_word' id='word_1_217' title='bbox 1093 3337 1127 3402; x_wconf 88' lang='grc'>11</span> <span class='ocrx_word' id='word_1_218' title='bbox 1162 3336 1257 3403; x_wconf 86' lang='grc'><strong>116111</strong></span> 
     </span>
     <span class='ocr_line' id='line_1_28' title="bbox 83 3441 1257 3530; baseline 0.009 -26"><span class='ocrx_word' id='word_1_219' title='bbox 83 3441 160 3513; x_wconf 88' lang='lat' dir='ltr'>libro</span> <span class='ocrx_word' id='word_1_220' title='bbox 183 3449 206 3514; x_wconf 92' lang='lat' dir='ltr'>l.</span> <span class='ocrx_word' id='word_1_221' title='bbox 231 3448 270 3512; x_wconf 90' lang='lat' dir='ltr'>de</span> <span class='ocrx_word' id='word_1_222' title='bbox 294 3448 494 3530; x_wconf 88' lang='lat' dir='ltr'>proprietate</span> <span class='ocrx_word' id='word_1_223' title='bbox 519 3467 709 3513; x_wconf 88' lang='lat' dir='ltr'>sermonum.</span> <span class='ocrx_word' id='word_1_224' title='bbox 756 3449 1021 3516; x_wconf 80' lang='lat' dir='ltr'>confirmatur</span> <span class='ocrx_word' id='word_1_225' title='bbox 1048 3450 1142 3514; x_wconf 88' lang='grc'><strong>11666</strong></span> <span class='ocrx_word' id='word_1_226' title='bbox 1169 3469 1257 3514; x_wconf 89' lang='grc'><strong>661-</strong></span> 
     </span>
     <span class='ocr_line' id='line_1_29' title="bbox 81 3555 1257 3642; baseline 0.007 -27"><span class='ocrx_word' id='word_1_227' title='bbox 81 3555 288 3628; x_wconf 85' lang='lat' dir='ltr'>tentiaeis</span> <span class='ocrx_word' id='word_1_228' title='bbox 316 3558 483 3641; x_wconf 86' lang='lat' dir='ltr'>glossis,</span> <span class='ocrx_word' id='word_1_229' title='bbox 516 3578 612 3640; x_wconf 77' lang='lat' dir='ltr'>quiae</span> <span class='ocrx_word' id='word_1_230' title='bbox 641 3558 788 3626; x_wconf 89' lang='lat' dir='ltr'>similis</span> <span class='ocrx_word' id='word_1_231' title='bbox 818 3559 1106 3642; x_wconf 85' lang='lat' dir='ltr'>explicationis</span> <span class='ocrx_word' id='word_1_232' title='bbox 1133 3561 1257 3641; x_wconf 90' lang='lat' dir='ltr'>parti·</span> 
     </span>
     <span class='ocr_line' id='line_1_30' title="bbox 84 3663 1256 3753; baseline 0.001 -19"><span class='ocrx_word' id='word_1_233' title='bbox 84 3663 184 3748; x_wconf 75' lang='lat' dir='ltr'>cipes</span> <span class='ocrx_word' id='word_1_234' title='bbox 220 3675 325 3752; x_wconf 86' lang='lat' dir='ltr'>sunt,</span> <span class='ocrx_word' id='word_1_235' title='bbox 359 3674 535 3735; x_wconf 87' lang='grc'><strong>61161161</strong></span> <span class='ocrx_word' id='word_1_236' title='bbox 570 3676 677 3736; x_wconf 88' lang='grc'><strong>66116</strong></span> <span class='ocrx_word' id='word_1_237' title='bbox 710 3691 787 3736; x_wconf 90' lang='grc'>161</span> <span class='ocrx_word' id='word_1_238' title='bbox 820 3672 866 3737; x_wconf 92' lang='lat' dir='ltr'>ad</span> <span class='ocrx_word' id='word_1_239' title='bbox 894 3672 1050 3737; x_wconf 90' lang='lat' dir='ltr'>eundem</span> <span class='ocrx_word' id='word_1_240' title='bbox 1085 3690 1256 3753; x_wconf 88' lang='lat' dir='ltr'>versum,</span> 
     </span>
     <span class='ocr_line' id='line_1_31' title="bbox 83 3781 798 3863; baseline 0.011 -25"><span class='ocrx_word' id='word_1_241' title='bbox 83 3792 151 3843; x_wconf 91' lang='lat' dir='ltr'>non</span> <span class='ocrx_word' id='word_1_242' title='bbox 173 3781 220 3845; x_wconf 89' lang='lat' dir='ltr'>ad</span> <span class='ocrx_word' id='word_1_243' title='bbox 243 3782 399 3847; x_wconf 88' lang='lat' dir='ltr'>eundem</span> <span class='ocrx_word' id='word_1_244' title='bbox 421 3786 575 3862; x_wconf 88' lang='lat' dir='ltr'>poetam</span> <span class='ocrx_word' id='word_1_245' title='bbox 599 3785 798 3863; x_wconf 86' lang='lat' dir='ltr'>spectant.</span> 
     </span>
    </p>
   </div>
   <div class='ocr_carea' id='block_1_4' title="bbox 87 4063 1256 4258">
    <p class='ocr_par' dir='ltr' id='par_1_4' title="bbox 87 4063 1256 4258">
     <span class='ocr_line' id='line_1_32' title="bbox 163 4063 1255 4147; baseline -0.001 -18"><span class='ocrx_word' id='word_1_246' title='bbox 163 4063 216 4129; x_wconf 88' lang='lat' dir='ltr'>IV.</span> <span class='ocrx_word' id='word_1_247' title='bbox 251 4063 364 4144; x_wconf 88' lang='lat' dir='ltr'>ltaque</span> <span class='ocrx_word' id='word_1_248' title='bbox 397 4067 644 4130; x_wconf 86' lang='lat' dir='ltr'>transeamus</span> <span class='ocrx_word' id='word_1_249' title='bbox 678 4064 724 4128; x_wconf 90' lang='lat' dir='ltr'>ad</span> <span class='ocrx_word' id='word_1_250' title='bbox 758 4071 842 4130; x_wconf 91' lang='lat' dir='ltr'>tres</span> <span class='ocrx_word' id='word_1_251' title='bbox 877 4065 1040 4147; x_wconf 85' lang='lat' dir='ltr'>glossas</span> <span class='ocrx_word' id='word_1_252' title='bbox 1070 4063 1109 4128; x_wconf 89' lang='lat' dir='ltr'>de</span> <span class='ocrx_word' id='word_1_253' title='bbox 1137 4069 1255 4145; x_wconf 87' lang='lat' dir='ltr'>etymo,</span> 
     </span>
     <span class='ocr_line' id='line_1_33' title="bbox 87 4166 1256 4258; baseline 0.007 -26"><span class='ocrx_word' id='word_1_254' title='bbox 87 4166 123 4232; x_wconf 87' lang='lat' dir='ltr'>de</span> <span class='ocrx_word' id='word_1_255' title='bbox 144 4174 239 4240; x_wconf 92' lang='lat' dir='ltr'>dubio</span> <span class='ocrx_word' id='word_1_256' title='bbox 264 4192 393 4255; x_wconf 87' lang='lat' dir='ltr'>genere,</span> <span class='ocrx_word' id='word_1_257' title='bbox 414 4175 453 4238; x_wconf 88' lang='lat' dir='ltr'>de</span> <span class='ocrx_word' id='word_1_258' title='bbox 473 4173 658 4240; x_wconf 86' lang='lat' dir='ltr'>differentia</span> <span class='ocrx_word' id='word_1_259' title='bbox 680 4181 830 4258; x_wconf 67' lang='lat' dir='ltr'>agentes</span> <span class='ocrx_word' id='word_1_260' title='bbox 853 4194 951 4256; x_wconf 87' lang='lat' dir='ltr'>quae</span> <span class='ocrx_word' id='word_1_261' title='bbox 974 4175 1074 4254; x_wconf 89' lang='lat' dir='ltr'>apud</span> <span class='ocrx_word' id='word_1_262' title='bbox 1096 4172 1256 4240; x_wconf 90' lang='lat' dir='ltr'>Nonium</span> 
     </span>
    </p>
   </div>
   <div class='ocr_carea' id='block_1_5' title="bbox 87 4281 1255 4435">
    <p class='ocr_par' dir='ltr' id='par_1_5' title="bbox 87 4281 1255 4435">
     <span class='ocr_line' id='line_1_34' title="bbox 87 4281 1255 4368; baseline 0.002 -21"><span class='ocrx_word' id='word_1_263' title='bbox 87 4285 121 4342; x_wconf 75' lang='lat' dir='ltr'>tt</span> <span class='ocrx_word' id='word_1_264' title='bbox 140 4281 295 4351; x_wconf 87' lang='lat' dir='ltr'>Festum</span> <span class='ocrx_word' id='word_1_265' title='bbox 320 4284 477 4350; x_wconf 83' lang='lat' dir='ltr'>diuersa</span> <span class='ocrx_word' id='word_1_266' title='bbox 499 4287 644 4351; x_wconf 88' lang='lat' dir='ltr'>babent</span> <span class='ocrx_word' id='word_1_267' title='bbox 668 4285 801 4351; x_wconf 90' lang='lat' dir='ltr'>Plauti</span> <span class='ocrx_word' id='word_1_268' title='bbox 824 4288 1007 4368; x_wconf 82' lang='lat' dir='ltr'>exempla.</span> <span class='ocrx_word' id='word_1_269' title='bbox 1048 4289 1079 4364; x_wconf 86' lang='grc'>1)</span> <span class='ocrx_word' id='word_1_270' title='bbox 1105 4284 1185 4352; x_wconf 85' lang='grc'><strong>1161.</strong></span> <span class='ocrx_word' id='word_1_271' title='bbox 1205 4290 1255 4349; x_wconf 76' lang='grc'>21.</span> 
     </span>
     <span class='ocr_line' id='line_1_35' title="bbox 1053 4385 1084 4435; baseline 0 -22"><span class='ocrx_word' id='word_1_272' title='bbox 1053 4385 1084 4435; x_wconf 62' lang='grc'>31</span> 
     </span>
    </p>
   </div>
   <div class='ocr_carea' id='block_1_6' title="bbox 0 0 1484 4909">
    <p class='ocr_par' dir='ltr' id='par_1_6' title="bbox 0 0 1484 4909">
     <span class='ocr_line' id='line_1_36' title="bbox 0 0 1484 4909; baseline 0 0"><span class='ocrx_word' id='word_1_273' title='bbox 0 0 1484 4909; x_wconf 95' lang='lat' dir='ltr'> </span> 
     </span>
    </p>
   </div>
  </div>
 </body>
</html>
