2925 4909
575 276 786 338 ..11-

71 481 303 544 unaquaeque
337 462 484 529 vocabuli
517 462 567 529 vis
600 462 747 542 exemplo
781 463 1016 543 comprobetur.
1072 459 1171 526 Cuius
1193 457 1268 523 libri

71 574 209 654 glossas
237 573 271 639 si
296 594 366 639 cum
386 572 551 638 Verrianis
575 592 810 655 comparamus,
833 571 912 638 nihil
935 572 1024 639 aliud
1039 572 1264 637 demonstrare

72 685 234 751 volumus
260 684 329 750 nisi
351 685 425 750 hoc:
449 684 576 750 initium
599 684 693 750 huius
716 683 801 749 artis
828 683 892 749 iam
916 703 957 749 ex
981 682 1094 749 Verrio
1117 681 1271 764 cognosci

71 816 188 877 posse.
226 795 375 863 Primum
391 795 475 861 enim
491 816 511 864 a
529 795 642 861 Verrio
659 794 819 877 discimus
832 796 987 876 quomodo
1001 796 1081 861 baec
1097 793 1270 876 disciplina

72 913 152 973 nata
178 908 242 974 sit.
305 907 428 973 Deinde
460 906 532 988 ipse
565 908 665 973 habet
694 908 834 990 glossae,
869 925 952 988 quae
975 905 1085 973 varias
1120 905 1270 972 vocabuli

73 1019 234 1085 notiones
261 1018 450 1084 ostendunt.
1059 1089 1063 1094 ,

161 1132 216 1197 Αθ
240 1129 382 1212 primum
404 1129 513 1213 origo
535 1129 647 1196 huius
670 1130 876 1196 doctrinae
899 1130 1039 1211 petenda
1061 1135 1150 1194 esta
1172 1128 1269 1195 dubia

74 1240 289 1324 etymologia
312 1245 345 1307 et
368 1242 497 1307 diversa
512 1240 753 1322 significatione
775 1242 808 1307 iu
824 1241 875 1307 bis
891 1240 1028 1323 glossis:
1057 1245 1085 1319 l)
1109 1240 1198 1305 Paul.
1220 1243 1267 1305 10.

75 1360 174 1435 optus
200 1372 307 1434 quum
328 1351 460 1434 propria
476 1353 712 1434 significatione
727 1353 942 1434 intelligatur,
965 1351 1042 1433 poni
1058 1356 1169 1417 tamen
1185 1350 1270 1417 solet

75 1483 134 1543 pro
159 1465 301 1546 adepto,
326 1462 411 1528 sicut
434 1467 468 1528 et
490 1464 594 1546 apisci
617 1485 675 1546 pro
699 1463 848 1546 adipisci.
882 1463 929 1529 Cf.
948 1461 1027 1530 Nou.
1051 1465 1124 1528 234.
1148 1468 1269 1543 aptam.

76 1575 108 1649 2)
132 1573 232 1640 Paul.
261 1578 312 1639 17.
345 1597 461 1658 oooars
483 1575 669 1657 significare
700 1575 831 1643 videtur
862 1573 906 1655 id,
941 1575 1026 1656 qnod
1060 1593 1101 1639 ex
1133 1578 1270 1655 utraque

79 1689 177 1764 parte
204 1690 310 1767 caput
325 1687 456 1768 habeat,
479 1692 517 1753 ut
532 1706 662 1753 sacimas
678 1687 849 1769 bipennes3
874 1687 933 1751 sed
946 1683 1052 1768 magis
1068 1706 1089 1751 a
1104 1686 1269 1767 capiendo,

78 1796 165 1874 quod
190 1816 237 1862 ex
260 1799 398 1878 utraque
432 1803 527 1879 parte
550 1818 652 1880 aeque
685 1802 849 1879 capta-tur,
883 1797 1081 1879 appellatum
1115 1802 1177 1863 θεῖ.
1222 1795 1269 1860 Cf.

80 1902 163 1971 Non.
189 1911 270 1973 245.
293 1926 423 1989 anceps.
468 1912 501 1984 3)
524 1909 614 1976 Fest.
639 1910 693 1975 lli.
716 1912 768 1974 22.
785 1911 836 1973 33.
858 1932 971 1975 nomeu
994 1907 1064 1974 sive
1087 1929 1127 1975 ex
1146 1909 1269 1975 Graeco

81 2014 179 2098 ὄνομα
205 2018 331 2085 dictum
353 2027 415 2102 est,
440 2020 509 2088 siue
532 2021 627 2103 quasi
642 2020 802 2101 novimen,
825 2021 910 2101 quod
931 2019 1082 2086 notitiam
1104 2019 1206 2086 faciat
1219 2071 1227 2083 .
1242 2068 1270 2083 ..

81 2130 220 2206 ponitur
246 2132 346 2198 etiam
369 2153 426 2215 pro
450 2133 558 2198 debito
583 2184 591 2199 .
615 2184 622 2197 .
647 2185 654 2198 .
689 2133 741 2220 Cf.
765 2130 846 2198 Non.
869 2136 942 2199 354.
963 2152 1088 2198 nomen.
1123 2135 1156 2207 4)
1179 2130 1270 2196 Fest.

85 2236 155 2304 XV.
183 2243 240 2307 30.
267 2247 294 2308 1.
318 2252 389 2310 toor
410 2244 519 2326 video;
542 2252 630 2310 tueor
651 2244 787 2310 defendo
810 2265 843 2309 rn
859 2264 919 2311 usu
935 2244 1009 2310 olim
1032 2245 1110 2325 iuit3
1133 2244 1190 2309 sed
1205 2244 1269 2308 iam

82 2352 273 2429 promiscue
295 2359 440 2431 utuntur,
463 2359 497 2420 θῖ
514 2356 643 2436 ponitm·
666 2361 759 2421 tueor
781 2355 961 2438 provideo,
985 2360 1019 2420 θῖ
1035 2361 1190 2421 contueor
1210 2375 1269 2436 pro

84 2464 274 2544 conspicio.
303 2467 349 2533 cf.
367 2464 447 2533 Non.
471 2468 542 2531 413.
559 2465 644 2532 tueri
657 2496 688 2519 =
700 2486 842 2550 seruare,
866 2466 984 2534 videre.
1004 2470 1052 2543 ’5)
1076 2467 1165 2533 Fest.
1183 2466 1268 2532 lllV.

85 2575 134 2640 15.
158 2578 215 2642 38.
240 2585 399 2660 suspectos
426 2583 478 2644 est
505 2579 686 2664 diuersae
713 2577 1049 2660 significationis:
1079 2601 1099 2645 a
1122 2578 1270 2660 suspicor

85 2687 169 2752 euim
194 2693 231 2753 et
256 2688 395 2771 suspicio
418 2688 538 2772 partim
560 2688 651 2756 uenit
674 2741 681 2754 .
704 2690 839 2771 itaque
861 2710 935 2756 uon
957 2690 1107 2774 mirum,
1138 2689 1172 2756 si
1195 2709 1269 2755 uon

84 2814 160 2862 una
181 2799 442 2881 significatio
464 2800 548 2866 dari
569 2805 713 2882 potest.
743 2801 792 2867 cf.
810 2800 889 2867 Non.
905 2805 978 2867 400.
995 2799 1159 2884 suspicere
1172 2830 1203 2853 z
1217 2822 1270 2867 su·

87 2925 156 2973 snm
180 2914 340 2994 aspicere,
364 2918 549 2994 suspectum
573 2913 701 2977 habere.
748 2915 780 2986 0)
804 2912 891 2979 Paul.
917 2916 968 2979 50.
993 2917 1070 2979 daco
1091 2934 1187 2995 quum
1210 2934 1269 2995 pro

86 3025 164 3097 puto
189 3021 352 3105 ponimus,
376 3043 416 3088 ex
439 3024 563 3089 Graeco
586 3022 766 3106 deducitur,
789 3024 874 3103 quod
888 3024 937 3090 illi
960 3024 1071 3090 dicunt
1094 3028 1185 3089 δοκῶ.
1221 3025 1268 3091 Of.

87 3126 166 3196 Non.
190 3134 266 3198 282.
290 3133 372 3199 duci.
418 3138 449 3213 7)
473 3134 563 3199 Paul.
589 3137 638 3197 ct.
660 3136 738 3216 fides
760 3153 863 3214 genus
887 3135 1033 3201 citharae
1056 3135 1155 3218 dicta,
1185 3137 1270 3217 quod

90 3243 219 3310 tantum
252 3244 339 3310 iuter
372 3265 408 3311 se
431 3246 570 3310 chordae
594 3244 674 3327 eiuS,
709 3251 864 3325 qnantum
898 3246 986 3313 inter
1019 3247 1165 3313 homines
1188 3248 1269 3313 fides

88 3356 313 3422 concordet..
362 3356 410 3422 (tf.
435 3354 515 3422 Non.
540 3357 611 3421 313.
635 3357 725 3422 fides.
783 3359 816 3430 8)
845 3357 935 3424 Paul.
960 3361 1010 3423 83.
1034 3358 1136 3425 lustro
1168 3358 1269 3440 signi-

89 3460 187 3530 ficant
210 3466 346 3532 lacunas
361 3466 501 3548 lutosas,
524 3487 608 3549 quae
625 3472 701 3534 sunt
723 3468 757 3533 in
782 3468 875 3535 silvis
892 3489 1063 3550 caprorum
1085 3468 1267 3535 cubilia...

89 3570 132 3637 Et
153 3597 250 3657 quum
273 3576 416 3643 eiusdem
439 3578 588 3644 vocabuli
610 3578 714 3660 prima
736 3579 865 3661 syllaba
880 3580 1079 3662 producitur,
1102 3578 1268 3661 siguificat

89 3700 170 3753 nunc
194 3740 202 3755 .
227 3742 235 3755 .
260 3741 268 3755 .
292 3739 300 3753 .
323 3708 407 3754 nunc
432 3741 438 3754 .
464 3739 503 3754 ..
550 3689 597 3755 Cf.
621 3688 701 3755 Non.
726 3692 798 3756 333.
822 3692 938 3757 lustra.

176 3785 220 3867 ln
237 3800 312 3866 aliis
337 3799 443 3865 Verrii
472 3799 593 3883 glossis
621 3799 814 3882 antiquioris
840 3822 920 3869 usus
946 3801 1070 3869 notioni
1097 3801 1272 3884 opponitur

93 3911 270 3995 sententia,
293 3911 326 3978 in
350 3931 445 3993 quam
467 3917 585 3993 postea
607 3911 690 3977 idem
711 3914 903 3979 vocabulum
925 3913 1023 3978 abiit:
1049 3917 1080 3988 1)
1103 3914 1191 3978 Paul.
1217 3917 1266 3979 55.

93 4018 197 4102 depere
219 4022 345 4103 antiqui
367 4028 549 4104 posuerunt
569 4043 628 4104 pro
645 4029 846 4105 exspectare.
882 4024 929 4091 bf.
954 4022 1023 4089 Non
1050 4027 1123 4090 278.
1139 4026 1268 4106 degere.

94 4129 123 4202 2)
146 4132 233 4200 Paul.
253 4137 302 4198 50.
320 4134 485 4217 ecplorore
507 4133 659 4216 antiquos
681 4155 741 4216 pro
765 4135 947 4201 exclamare
969 4155 1056 4217 usos
1080 4138 1137 4202 sed
1153 4142 1269 4218 postea

94 4247 272 4328 prospicere
295 4251 329 4310 ct
351 4248 475 4311 certum
497 4265 696 4328 cognoscere
712 4246 821 4327 coepit
837 4246 1021 4328 significare
1035 4295 1042 4310 .
1057 4297 1084 4314 ..
1120 4249 1168 4315 cf.
1188 4246 1266 4315 Nou.
