2925 4909
659 263 873 325 „14-

179 469 238 529 pro
261 467 413 529 magnum
438 500 445 512 .
468 447 600 530 ponitur
622 452 729 513 tamen
758 454 793 511 et
815 467 873 528 pro
895 447 1032 513 inani..
1054 500 1058 509 .
1105 447 1152 514 01.
1178 446 1257 513 Non.
1287 452 1374 511 415.

177 564 320 626 uastum.
359 563 391 632 5)
414 558 504 624 Paul.
522 561 593 624 160.
608 559 700 624 votae
713 557 890 639 vestigium
904 558 1044 624 medium
1061 558 1153 640 pedis
1170 578 1372 640 concavum,

179 671 240 738 sed
270 675 307 735 et
339 671 447 752 palma
479 669 594 735 manus
627 669 704 735 vola
737 668 864 734 dicitnr.
922 668 970 735 ef.
999 668 1078 735 Non.
1103 672 1175 735 416.
1204 670 1293 736 1616.
1323 706 1370 716 -

179 782 363 863 Sequuntur
384 782 446 847 dno
469 782 616 862 exempla
645 778 792 845 binarum
820 782 1003 861 glossarum
1027 780 1190 846 diversam
1212 780 1370 847 eiusdem

177 892 327 960 vocabuli
342 891 406 959 vim
422 892 658 974 praebentium:
683 892 715 968 6)
731 890 821 956 Ρ6111.
835 895 886 956 56.
900 894 1011 958 deam
1026 891 1174 974 auspicia
1190 912 1368 974 prospera.

177 1040 220 1052 -
239 1004 340 1082 Quam
356 1006 501 1086 glossam
517 1002 680 1084 sequitur:
703 1003 1053 1069 61661166616111116111111
1069 1022 1172 1084 genus
1188 1008 1250 1085 est,
1275 1024 1369 1085 quae

178 1116 293 1181 dextra
315 1119 478 1181 tenentur.
518 1113 565 1180 uf.
590 1111 671 1179 Non.
695 1115 769 1178 290.
792 1114 950 1179 dextrum.
989 1117 1021 1190 7)
1045 1114 1135 1179 Paul.
1151 1117 1221 1179 120.
1237 1138 1369 1197 parere

179 1226 318 1292 obedire.
335 1261 375 1271 —-
392 1225 554 1307 Deinceps
566 1225 673 1290 locata
685 1229 738 1290 est
749 1225 878 1305 glossa:
887 1233 985 1307 peret
996 1224 1161 1306 significat
1173 1227 1367 1308 apparebit.

179 1337 224 1403 01.
250 1337 330 1403 Nou.
354 1338 426 1403 375.
450 1341 554 1418 paret.

264 1449 379 1514 Liceat
412 1447 464 1511 1116
501 1447 646 1513 inserere
685 1446 961 1529 observationem,
996 1466 1078 1527 quae
1111 1447 1152 1512 de
1190 1447 1307 1514 Verrio
1345 1469 1370 1514 a

180 1559 436 1626 Reitzensteinic
470 1579 501 1640 p.
527 1559 689 1623 7516616
717 1562 847 1639 spectat
874 1558 986 1623 eadem
1021 1559 1062 1623 60
1085 1557 1239 1642 Nonium,
1272 1559 1366 1625 idem

179 1673 369 1738 vocabulum
393 1669 533 1736 diversis
555 1668 636 1735 locis
659 1668 740 1750 legi,
768 1669 852 1734 unde
880 1667 1046 1749 colligitur
1075 1669 1223 1736 01161666
1247 1670 1364 1736 fontes

180 1803 254 1849 esse
286 1785 471 1863 usurpatae.
527 1781 689 1846 Enumero
724 1779 833 1861 quarti
873 1779 947 1844 libri
987 1780 1143 1846 articulos
1176 1782 1365 1864 dispersos:

180 1913 279 1977 agere
301 1895 373 1957 242,
397 1892 469 1956 243.
493 1895 581 1972 246,
608 1892 713 1957 661616
736 1895 807 1956 250.
832 1894 920 1973 251,
948 1910 1064 1972 capere
1087 1895 1159 1956 249.
1184 1897 1257 1960 252.
1281 1897 1360 1960 254.

179 2005 273 2086 (bis),
298 2022 451 2085 quassum
481 2005 553 2067 252.
584 2022 741 2084 quassare
769 2006 858 2084 252,
882 2006 1261 2084 666661616256217.
1285 2008 1361 2071 258.

179 2120 263 2198 262,
276 2133 466 2196 componere
481 2117 552 2178 256.
570 2117 642 2179 257.
659 2116 730 2177 260.
744 2117 827 2195 264,
844 2113 1004 2179 calumnia
1019 2116 1102 2196 263,
1118 2116 1256 2182 6611011111
1272 2120 1361 2200 263,

183 2231 356 2293 contentus
380 2228 454 2291 263.
466 2228 553 2308 265,
576 2224 680 2290 061166
703 2228 743 2287 27
749 2229 775 2288 7.
800 2225 949 2291 06016616
971 2228 1056 2306 280,
1079 2227 1157 2291 0616
1178 2230 1251 2293 278.
1274 2231 1361 2312 281.,

180 2339 333 2420 dignatus
349 2340 421 2402 281.
434 2340 518 2418 286,
536 2336 654 2402 elidere
670 2339 743 2401 291.
758 2341 842 2419 292,
860 2338 1003 2404 ’6160616
1019 2340 1188 2421 293294,
1207 2338 1360 2420 expedire

179 2451 350 2532 296298,
374 2449 522 2514 61610616
545 2451 616 2513 300.
634 2450 716 2530 301,
740 2448 913 2513 16661326.
932 2448 1358 2531 166616327,.16611111338.

179 2563 270 2627 166116
294 2564 377 2643 341,
399 2580 532 2642 parsum
555 2561 779 2640 bibparcere
804 2561 888 2640 370,
912 2561 1031 2641 plagae
1053 2562 1125 2625 368.
1149 2560 1250 2642 plaga
1272 2564 1357 2644 377,

180 2674 311 2737 trahere
333 2675 406 2736 410.
428 2675 499 2736 412.

269 2896 304 2961 V.
330 2895 364 2961 ln
387 2893 522 2976 quinto
545 2894 648 2960 libro
671 2892 782 2974 agitur
804 2896 842 2959 de
864 2894 1054 2978 differentiis
1069 2897 1241 2977 6611166666,
1266 2915 1357 2975 quam

181 3007 358 3073 artemiam
372 3005 519 3088 Nigidius
533 3005 667 3088 Figulus
679 3005 711 3070 in
725 3006 961 3071 commentariis
972 3011 1186 3072 tractaverat.
1212 3005 1355 3072 Verrium

164 3118 372 3202 ,distinxisse
407 3138 586 3200 synonyma
620 3120 724 3182 testes
759 3116 1353 3198 66610161161116616111261.185.

182 3231 317 3313 (gibber.
341 3229 556 3311 gibberosus),
584 3228 915 3311 1660661661116),
940 3229 1110 3294 Diomedes
1134 3249 1180 3310 gr.
1205 3228 1225 3291 l.
1240 3228 1261 3293 l.
1286 3231 1354 3295 376.

182 3340 366 3422 (fatigatus.
390 3340 523 3419 1666116).
549 3340 597 3418 (0.
622 3340 758 3405 Mueller
780 3340 882 3422 praef.
898 3338 983 3417 XV.)
1015 3339 1156 3404 Primum
1172 3339 1225 3404 bie
1240 3359 1354 3421 repono

182 3457 306 3534 septem
340 3453 517 3535 glossas,
553 3471 713 3532 quarum
748 3469 890 3517 sensus
921 3452 1037 3533 plane
1065 3451 1254 3532 congruit
1282 3472 1353 3518 cum

182 3562 321 3629 Nonio:
360 3568 388 3634 1)
412 3562 491 3628 Ν611.
516 3566 589 3628 428.
616 3565 699 3648 foro
726 3567 761 3627 et
775 3563 849 3648 fori
872 3566 908 3628 ut
931 3581 1059 3644 genere,
1082 3563 1131 3627 ita
1154 3568 1188 3626 et
1211 3562 1353 3629 sensibus

182 3675 321 3740 distant:
345 3695 419 3740 nam
442 3678 557 3740 neutro
580 3673 770 3740 iudiciorum
795 3677 829 3736 et
850 3672 954 3739 litium
978 3674 1072 3739 sedes
1095 3678 1157 3755 est,
1181 3674 1351 3741 masculino

182 3786 289 3868 spatia
322 3785 355 3851 in
384 3785 522 3852 navibus
557 3786 723 3869 apertiora
756 3785 810 3852 vel
832 3784 865 3850 in
888 3784 1094 3866 gladiatoriis
1118 3784 1203 3850 ludis
1227 3837 1266 3850 ..
1309 3784 1347 3849 01

183 3896 262 3962 Non.
287 3900 359 3962 447.
382 3897 454 3962 1616
477 3897 602 3963 ctiori.
644 3897 925 3981 1611163166616
948 3917 1006 3962 661
1021 3895 1125 3962 modis
1149 3895 1351 3977 intelligitur:

183 4008 287 4074 Primo
312 4060 319 4074 .
344 4061 383 4075 ..
428 4008 500 4074 Alio
530 4008 562 4074 in
586 4029 647 4089 quo
674 4008 795 4074 iudicia
816 4008 886 4073 fieri
909 4009 1016 4074 solent
1040 4059 1047 4072 .
1073 4059 1079 4072 .
1127 4007 1246 4085 Quinto
1269 4008 1351 4074 locus

181 4119 316 4199 11111611,
339 4121 406 4186 660
430 4124 508 4186 tum
523 4119 737 4187 masculini
752 4119 914 4201 generis
930 4125 992 4185 est
1015 4124 1054 4183 et
1068 4119 1232 4200 plurale.
1262 4120 1352 4186 Sexto

180 4231 249 4316 scri
282 4233 468 4314 significant
503 4239 536 4297 et
572 4232 739 4298 Circensia
754 4259 758 4265 ·
774 4233 965 4312 spectacula
989 4283 995 4295 .
1021 4280 1025 4288 .
1053 4282 1059 4292 .
1116 4233 1149 4304 2)
1184 4229 1350 4296 0611429.
