2925 4909
675 299 887 361 ..24..

193 487 381 554 Aululariae
398 486 578 567 (IeidoIph.
597 488 671 563 238,
688 483 825 566 Hennig.
843 487 894 563 21,
911 484 1034 550 Reblin.
1052 487 1105 562 37)
1121 491 1155 550 et
1167 484 1373 551 Cistellamae

193 598 295 679 (Leid.
313 598 398 678 ⁶222.)
414 598 500 680 apud
515 603 685 677 utrumque
700 598 742 662 ad
766 596 1013 662 Ambrosianum
1029 597 1250 663 recensionem
1265 595 1373 662 redire

193 709 360 790 videntum
385 714 474 774 certe
490 708 679 774 Aululariae
695 727 812 774 versus
827 728 879 789 ap.
904 707 994 773 dest.
1019 708 1102 773 XIII.
1122 713 1170 774 11.
1187 714 1221 773 et
1237 706 1371 773 Nonium

194 822 327 888 aoodd.
352 819 571 886 palatinorum
595 799 752 886 lectione:
789 838 970 900 ‚poscamus
1004 839 1087 900 qnae
1109 817 1289 886 adoravim'
1323 837 1374 883 re-

194 931 289 998 cedit.
346 932 381 998 ln
404 934 557 998 lemmate
592 931 672 997 Non.
696 933 769 995 374.
797 952 930 1012 poscere
963 931 1152 997 Aululariae
1185 951 1302 998 versus
1335 934 1375 995 nt

193 1046 371 1126 exemplum
395 1045 599 1110 subsecivum
634 1043 668 1107 in
691 1042 804 1108 eadem
827 1042 930 1107 forma
963 1042 1102 1108 recurrit
1124 1048 1223 1123 atque
1245 1064 1276 1125 p.
1301 1045 1374 1106 164.

194 1156 300 1221 Paene
322 1155 442 1220 dixerit
464 1155 536 1236 quis
559 1152 696 1221 Nonium
722 1152 868 1219 Verrium
892 1153 1117 1236 exscripsisse,
1141 1156 1225 1235 quod
1246 1155 1374 1236 quidem

193 1267 322 1333 minime
344 1268 465 1333 factum
501 1274 562 1332 est.
610 1267 678 1333 lIoo
701 1265 785 1331 enim
821 1266 995 1332 tenendum
1018 1271 1083 1332 est:
1117 1267 1203 1347 apud
1237 1264 1374 1332 Nonium

194 1381 341 1460 exempla
365 1378 519 1460 primaria
554 1398 595 1443 ex
617 1378 729 1443 eadem
762 1376 873 1444 fabula
904 1378 1010 1459 petita
1043 1377 1092 1443 ita
1115 1376 1266 1442 ordinata
1289 1379 1375 1458 sunt,

81 1499 84 1504 ⁴
193 1496 230 1557 nt
252 1490 285 1556 in
307 1491 419 1555 fabula
440 1490 514 1572 ipsa
537 1507 610 1555 sese
634 1486 801 1569 excipiunt
824 1490 1060 1566 (Schottmuell.
1086 1490 1181 1567 8231.
1230 1488 1375 1553 Eandem

194 1601 456 1669 observationem
479 1598 756 1666 Reitzensteinius
780 1603 831 1665 63.
855 1601 894 1665 de
918 1599 1029 1666 ordine
1051 1619 1204 1666 versuum
1227 1604 1262 1664 et
1284 1600 1376 1665 fabu-

193 1712 297 1778 larum
320 1712 429 1777 Plauti
451 1712 537 1793 apud
568 1710 716 1776 Verrium
739 1710 829 1793 fecit,
856 1713 941 1777 unde
963 1712 1016 1777 hIc
1039 1711 1089 1778 vir
1111 1712 1225 1776 doctus
1248 1708 1375 1792 colligit

195 1825 255 1888 has
279 1824 411 1904 glossas
434 1843 498 1888 non
522 1842 539 1887 e
568 1821 742 1904 glossariis
767 1823 824 1887 sed
847 1842 864 1887 e
887 1822 1128 1889 commentariis
1150 1821 1296 1887 fluxisse.
1342 1821 1375 1887 si

193 1933 294 2016 igitur
318 1932 440 2000 Nonius
470 1954 542 1999 cum
574 1931 688 1998 Verrio
718 1934 814 2014 plane
836 1934 996 2016 congruit,
1021 1954 1060 1999 ex
1083 1934 1193 1999 eodem
1217 1952 1374 1998 commen·

194 2045 278 2111 tario
303 2065 359 2111 eos
382 2047 466 2110 hanc
488 2045 632 2126 glossam
656 2043 837 2125 sumpsisse
860 2044 1045 2110 necessario
1069 2049 1268 2125 sequetem.
1313 2044 1374 2109 Sed

194 2171 351 2239 nusquam
365 2155 511 2223 videmus
527 2156 708 2237 complures
725 2155 866 2236 glossae,
879 2175 963 2236 quae
978 2155 1064 2220 inter
1081 2176 1116 2221 se
1132 2156 1217 2236 apud
1226 2154 1373 2221 Verrium

195 2274 253 2332 aut
269 2265 405 2333 Nonium
420 2266 522 2332 fontis
546 2266 779 2332 communitate
805 2265 996 2332 coniunctae
1013 2273 1100 2350 sunt,
1127 2268 1212 2348 apud
1237 2265 1372 2332 Nonium

195 2383 253 2444 aut
276 2377 424 2443 Verrium
447 2377 637 2443 coniunctas
659 2377 776 2443 redire.
823 2378 913 2454 Quod
935 2379 1020 2460 apud
1036 2379 1127 2444 Fest.
1145 2377 1230 2443 IIIII.
1259 2381 1372 2443 1128.

195 2491 340 2571 exempla
364 2488 515 2554 Plautina
548 2509 611 2554 non
635 2489 886 2571 alphabeticum,
921 2491 1005 2570 quod
1027 2490 1096 2556 fere
1118 2491 1156 2554 fit
1180 2489 1371 2562 (Reitzenst.

198 2603 281 2683 1081,
305 2601 488 2666 fabularum
519 2600 662 2665 ordinem
687 2605 833 2681 servant,
866 2602 951 2665 hanc
974 2600 1201 2666 difficultatem
1225 2602 1373 2666 Reitzen-

196 2712 332 2779 steInius
370 2714 438 2777 109.
463 2714 545 2777 bene
578 2711 628 2777 ita
661 2711 793 2792 dirimit,
827 2716 864 2777 ut
897 2711 1076 2794 respiciens
1110 2713 1248 2777 alteram
1283 2712 1373 2778 Festi

195 2825 340 2907 glossam
367 2823 477 2889 Plauti
506 2822 692 2889 Artemonis
722 2827 757 2887 et
779 2822 912 2889 Caecilii
934 2842 1050 2889 versus
1082 2823 1138 2888 alii
1160 2823 1244 2889 fonti
1267 2823 1372 2889 deberi

194 2935 381 3002 contendat.
427 2937 460 3011 2)
483 2933 564 3001 Non.
590 2937 660 3000 196.
691 2935 796 3001 clunes
823 2934 976 3000 feminino
1006 2935 1186 3002 Horatius.
1206 2988 1212 2999 .
1232 2984 1264 3000 ..
1289 2936 1370 3000 Mas·

195 3047 300 3113 culmo
335 3047 470 3113 Plautus
504 3046 644 3128 Agroico
679 3046 784 3128 ‚qnasi
818 3046 905 3121 (siml
939 3047 1035 3128 lupus
1071 3049 1112 3112 ab
1141 3046 1241 3112 armis
1270 3047 1369 3128 valeo,

195 3161 305 3224 clunes
329 3159 488 3223 distortos
513 3159 674 3231 (desertos
699 3158 747 3235 C.)
770 3156 875 3238 gero'.
930 3158 1020 3223 Paul
1048 3161 1099 3225 41.
1123 3158 1229 3224 claues
1251 3177 1370 3224 mascu-

194 3271 260 3336 line
283 3270 432 3335 Plautus:
469 3268 576 3351 ‚qnasi
608 3270 703 3349 lupus
737 3271 778 3334 ab
812 3271 911 3335 armis
935 3270 1039 3352 valeo,
1074 3270 1184 3335 clunes
1217 3268 1368 3335 infractos

194 3379 287 3448 fero'.
312 3415 351 3425 -
376 3381 508 3446 Lemma
537 3378 715 3445 Nonianum
751 3400 814 3445 non
848 3380 1015 3446 inordina
1047 3380 1195 3447 Plautiuo
1219 3384 1281 3462 est,
1302 3400 1368 3445 cnm

196 3492 287 3559 Pauli
322 3493 435 3574 glossa
468 3493 500 3556 in
529 3491 634 3557 altera
668 3490 800 3557 litterae
830 3492 971 3573 Cparte
995 3496 1072 3574 stet,
1107 3497 1141 3557 et
1174 3491 1226 3557 hic
1249 3491 1366 3573 quidem

195 3606 227 3669 in
266 3603 364 3668 tertia
400 3603 628 3669 vocabulorum
666 3602 886 3668 Plautinormn
923 3608 1027 3684 parte.
1080 3602 1274 3678 (Reitzenst.
1308 3607 1366 3672 64.)

196 3715 332 3781 Glossae
365 3715 404 3779 de
438 3713 533 3779 dnbio
569 3732 687 3794 genere
720 3718 823 3793 agunt
856 3722 898 3790 (v.
934 3734 959 3779 s.
995 3735 1064 3796 cap.
1087 3714 1113 3789 I)
1147 3720 1181 3778 ct
1210 3734 1249 3778 ex
1280 3733 1366 3795 opere

195 3825 407 3908 grammatico
442 3824 609 3906 profectae
639 3827 717 3889 sunt
751 3824 803 3900 (cf.
839 3824 966 3890 Charis.
1002 3844 1103 3906 gram.
1138 3826 1196 3889 lat.
1231 3824 1254 3890 I.
1291 3827 1364 3904 101.)

195 3936 326 4002 minime
353 3941 463 4001 autem
486 3955 526 4000 ex
549 3937 789 4017 commentario,
819 3935 970 4017 quoniam
998 3954 1113 4000 versus
1142 3934 1301 4002 diversam
1320 3956 1363 4001 re-

196 4046 379 4114 censionem
396 4049 567 4129 praebent:
593 4044 674 4112 Non.
692 4044 1077 4129 ,dese1·tosgero'‚Panl.
1096 4045 1264 4128 ‚Infiactos
1286 4045 1361 4113 Iero'.

196 4161 229 4236 3)
253 4156 332 4223 Non.
358 4162 428 4224 177.
443 4159 612 4225 sublatam
635 4162 686 4223 est
708 4159 790 4241 leve,
824 4157 984 4224 irivolnm.
1031 4158 1184 4222 Plautus:
1214 4177 1296 4238 ,nam
1315 4158 1362 4223 ubi

196 4271 238 4336 ad
260 4275 490 4352 paupertatem
513 4269 655 4336 accessit
678 4269 770 4345 (iam)
794 4269 938 4352 infamia,
968 4268 1151 4351 Paupertas
1174 4268 1304 4349 gravior
1321 4269 1361 4352 fit,
