2925 4909
676 278 891 341 ..32-

194 481 257 543 qua
278 467 416 528 utuntru·
438 462 480 527 ad
502 481 582 527 saxa
605 462 878 545 coagmentanda'
896 517 902 528 .
921 510 951 530 ..
993 464 1082 531 Paul.
1106 468 1158 530 60.
1182 463 1368 530 mamasaim

193 573 404 656 regulariter:
440 571 607 639 amussis
630 573 732 640 enim
760 576 897 657 regula
918 575 1118 641 fabrorum
1141 581 1221 640 est:
1252 574 1309 655 vel,
1328 577 1371 638 ut

161 726 164 732 ·
193 684 250 751 alii
264 685 389 758 volunt,
411 684 652 764 ferramentum,
675 706 738 767 quo
761 686 795 751 in
818 686 967 768 poliendo
989 690 1134 752 utuntur.
1153 722 1191 731 -
1210 686 1277 763 Qua
1297 703 1370 749 cnm

193 796 306 878 glossa
328 797 482 862 cohaeret
505 796 558 872 (of.
582 795 763 862 Reitzenst.
788 799 839 862 33.
869 798 956 874 adn.)
979 797 1069 863 Paul.
1093 800 1123 861 6,
1148 797 1297 863 amaeam
1316 809 1370 859 re-

192 906 350 989 gulariter
372 911 514 972 tractum
536 926 556 971 a
578 908 704 990 regula,
727 909 770 973 ad
793 928 887 989 quarn
910 908 1032 989 aliquid
1055 913 1265 989 exaequatur,
1287 924 1370 987 quae

192 1018 333 1085 amussis
356 1019 475 1083 dicitnr
499 1021 537 1083 .’.
563 1071 570 1083 .
595 1070 602 1084 .
631 1018 766 1085 muttire
790 1071 797 1083 .
825 1070 832 1083 .
856 1019 969 1084 —De
993 1017 1089 1084 Nonii
1112 1018 1226 1101 glossa
1246 1015 1373 1083 monuit

193 1129 483 1196 Schottmucllerus
499 1131 572 1194 824.
595 1128 780 1211 primarium
804 1131 984 1211 exemplum
1006 1149 1080 1196 esse
1102 1121 1241 1196 versum
1249 1126 1372 1209 Militis,

191 1261 255 1306 non
279 1240 536 1322 Amphitruonis
564 1239 619 1321 qni
641 1260 682 1306 ex
705 1240 862 1307 Sisennae
890 1241 1119 1307 commentario
1145 1240 1292 1307 Plautino
1309 1238 1375 1302 ad·

191 1351 280 1417 ditus
304 1351 347 1417 sit
370 1351 423 1430 (cf.
448 1350 575 1417 Charis.
604 1353 672 1416 198.
696 1355 748 1415 24.
773 1352 809 1416 Κ.
838 1352 991 1419 Schmidt.
1020 1374 1050 1435 p.
1082 1354 1157 1431 lh).
1216 1350 1375 1417 Fortasse

191 1462 291 1528 etiam
313 1465 414 1529 verba
443 1482 550 1545 ,quam
573 1461 819 1528 architecti...
847 1463 977 1529 rubrica
998 1461 1153 1530 inlinunt'
1183 1461 1302 1529 Nonius
1324 1459 1375 1525 si-

191 1574 312 1639 militer
337 1572 433 1638 linxit
461 1578 559 1654 atque
588 1572 736 1655 Sisenna,
764 1592 838 1638 narn
867 1574 907 1640 de
935 1576 1111 1656 ,rubricata
1132 1571 1262 1640 tabula'
1288 1573 1375 1637 Cha-

191 1685 290 1752 risius
314 1703 440 1764 quoque
463 1685 563 1749 verba
585 1682 674 1749 lacit.
724 1683 783 1748 His
805 1688 914 1752 autern
942 1705 1025 1766 quae
1047 1686 1245 1768 praecedunt
1270 1684 1377 1750 rerba

190 1803 254 1878 ,est
270 1794 355 1860 enim
378 1794 520 1860 amussis
544 1795 659 1876 regula
681 1793 859 1861 fabrorum'
889 1795 1023 1863 Verrius
1046 1802 1079 1862 et
1101 1795 1225 1862 Nonius
1255 1815 1294 1860 ex
1315 1813 1374 1860 eo·

189 1909 261 1973 dem
295 1906 387 1971 fonte
421 1907 607 1971 hauserunt
666 1906 729 1971 Sed
764 1904 920 1973 Varronis
955 1908 1164 1989 quaestiones
1201 1905 1375 1972 Plautinas

189 2017 312 2085 Nonius
335 2022 424 2081 certe
447 2036 510 2082 non
533 2016 624 2099 legit,
648 2016 799 2097 quoniam
821 2019 882 2084 hoc
903 2038 966 2084 uno
988 2019 1058 2084 loco
1081 2018 1114 2083 in
1132 2016 1375 2100 Compendiosa

189 2128 339 2197 doctrina
373 2133 674 2210 commemorantur,
708 2131 743 2192 et
765 2127 861 2193 Nonii
893 2129 948 2211 qui
981 2130 1108 2196 modum
1142 2134 1177 2194 et
1211 2127 1376 2193 rationem

190 2239 353 2308 scribendi
374 2237 477 2321 novit,
512 2240 595 2303 haec
616 2238 747 2305 aliunde
770 2239 934 2322 exscripta
967 2260 1042 2306 esse
1070 2239 1184 2306 sentit.
1233 2240 1283 2305 Ex
1306 2258 1373 2319 quo

187 2372 287 2420 versu
310 2348 443 2415 Verrius
460 2349 657 2416 examussim
672 2350 802 2414 durent
817 2352 990 2427 nescimus,
1014 2371 1086 2417 curn
1108 2352 1196 2433 apud
1221 2350 1377 2416 Plautum

189 2463 321 2545 saepius
345 2465 505 2526 occurrat.
553 2461 601 2527 of.
625 2461 707 2526 Gell.
735 2464 761 2524 1.
785 2465 806 2525 4

274 2573 440 2639 Posterior
457 2570 552 2638 Nonii
566 2570 641 2636 libri
653 2572 675 2636 Ι.
693 2573 771 2637 ordo
786 2571 954 2638 Plautinus
967 2572 1136 2638 Schmidtii
1152 2577 1204 2637 44.
1221 2571 1380 2655 opinione

186 2684 338 2751 aVerrio
361 2683 487 2749 alienus
511 2687 574 2764 est,
598 2701 667 2747 curn
691 2701 756 2746 non
779 2683 851 2762 plns
873 2702 970 2748 unum
993 2683 1110 2749 lemma
1133 2684 1276 2766 (cerriti)
1303 2703 1380 2749 cum
1461 2653 1462 2722 i

187 2797 274 2862 illius
292 2794 398 2860 titulis
414 2797 586 2876 congruat.
625 2792 705 2857 Mihi
729 2812 770 2855 ex
795 2794 842 2857 13.
865 2793 960 2859 huius
984 2795 1107 2860 ordinis
1131 2794 1239 2861 titulis
1262 2794 1383 2861 viden·
1461 2859 1462 2878 ἶ

187 2916 242 2974 tur
269 2906 409 2987 quinque
435 2903 602 2970 Verrianis
629 2902 822 2984 quibusdam
856 2905 888 2970 in
916 2903 1132 2986 explicatione
1161 2906 1215 2971 vel
1242 2905 1275 2971 in
1306 2911 1384 2987 ety-

186 3017 328 3099 mologia
356 3016 479 3082 similes
504 3034 594 3097 csse,
617 3034 658 3079 ex
681 3033 745 3094 qua
768 3013 892 3093 quidem
918 3013 1130 3080 similitudine
1153 3016 1193 3080 de
1215 3035 1384 3081 commen·

186 3129 282 3194 tariis
320 3127 482 3194 Plautinis
519 3124 565 3191 nil
602 3124 754 3191 efficitur.
813 3128 864 3198 ll)
900 3123 979 3190 Non.
1007 3128 1058 3188 43.
1091 3149 1208 3191 ceruus
1244 3134 1384 3192 veteres

186 3239 398 3322 appellabant
421 3238 475 3319 qui
499 3256 576 3303 vere
600 3255 694 3302 sacro
717 3234 848 3299 fuerant
870 3234 954 3316 nati3
985 3240 1018 3298 et
1046 3236 1230 3301 habebatur
1258 3257 1386 3303 nomen

184 3354 246 3416 hoc
274 3370 332 3431 pro
363 3349 420 3415 vili
448 3349 500 3414 rel
528 3347 712 3412 maledicto.
766 3344 900 3411 Plautus
928 3344 1178 3426 Amphitryone:
1213 3347 1294 3428 ,bic,
1327 3349 1387 3428 qui

186 3480 289 3530 verna
312 3465 409 3525 natus
432 3464 499 3541 est,
534 3453 701 3539 queritur'.
761 3454 1002 3521 Lucilius...
1040 3454 1131 3519 Fest.
1156 3457 1242 3523 xvi.
1272 3461 1329 3523 23.
1358 3465 1389 3525 1.

185 3595 304 3640 aanor
319 3571 372 3652 qui
389 3570 421 3635 iu
439 3570 527 3637 villis
543 3587 621 3635 vere
636 3565 719 3647 nati,
744 3565 827 3645 quod
850 3570 979 3648 tempus
1002 3565 1081 3630 duce
1104 3572 1225 3632 natura
1248 3568 1389 3636 feturae

186 3690 255 3749 est:
279 3687 313 3746 et
328 3687 407 3747 tunc
423 3699 489 3745 rem
507 3678 650 3744 divinam
673 3674 860 3740 instituerit
875 3674 975 3740 Marti
992 3672 1094 3739 Numa
1111 3675 1292 3758 Pompilius
1308 3732 1313 3741 .
1332 3732 1339 3746 .
1356 3734 1364 3747 .
1382 3736 1388 3747 .

188 3795 235 3861 Cf.
253 3793 342 3858 Paul.
363 3795 433 3856 161.
456 3810 515 3857 ver
537 3807 674 3854 sacrum.
695 3820 730 3831 ν
751 3784 842 3861 Quod
857 3786 990 3851 eandem
1008 3785 1240 3867 etymologiam
1257 3790 1393 3858 docent

185 3906 307 3972 Festus
336 3908 369 3967 et
392 3900 516 3967 Nonius
543 3918 607 3964 non
636 3894 726 3961 casui
756 3895 961 3961 tribuendum
988 3901 1053 3976 est,
1082 3915 1279 3978 qrramqnam
1305 3921 1392 3970 con-

186 4016 266 4082 cedo
290 4012 383 4078 Festi
406 4012 552 4093 glossam
576 4029 597 4072 a
619 4007 737 4072 Plauto
761 4003 898 4070 alienam
923 4025 1005 4071 esse.
1047 4007 1099 4082 l‘l)
1125 4004 1204 4072 Non.
1231 4012 1286 4075 43.
1313 4036 1393 4081 con.

186 4128 320 4193 cinnare
342 4128 395 4188 est
419 4122 543 4202 facere,
571 4122 609 4183 ut
632 4116 768 4181 Plautus
792 4114 1043 4197 Amphitryone:
1073 4115 1314 4195 ,lacrimantem
1346 4145 1394 4211 err

186 4236 279 4303 abitu
301 4235 476 4299 concinnas
501 4235 537 4295 tu
562 4234 652 4293 tuam
675 4221 833 4291 rrxorem'.
879 4226 941 4290 Sed
969 4224 1153 4305 proprietas
1177 4230 1273 4295 verbi
1298 4234 1394 4304 haec
