2925 4909
644 1007 916 1071 VITA.

202 1323 206 1330 ·
276 1255 388 1347 Natus
412 1301 482 1348 sum
505 1282 678 1347 Oscarus
701 1281 882 1346 Froehde
907 1280 1144 1363 Liegniciensis
1173 1305 1281 1351 anno
1308 1285 1392 1351 huius

192 1393 314 1461 saeculi
338 1392 481 1458 LXVlll.
498 1398 592 1476 patre
615 1391 781 1458 Fridcrico
804 1396 908 1457 matre
933 1392 1056 1458 Bertha
1078 1414 1095 1459 e
1118 1401 1239 1476 gente
1268 1397 1381 1463 clauo

190 1505 304 1571 Fidem
328 1496 481 1587 profiteor
505 1503 737 1586 evangelicam.
784 1504 963 1570 Elementis
991 1504 1182 1571 litterarum
1217 1507 1259 1573 in
1287 1506 1388 1573 schola

190 1616 323 1699 privata
352 1616 495 1681 imbutus
525 1615 558 1681 iu
582 1615 715 1697 Regiam
743 1616 896 1697 Equitum
919 1616 1125 1681 Academiam
1155 1624 1336 1701 receptus
1362 1620 1387 1679 et

191 1748 275 1794 anno
309 1729 340 1794 h.
372 1747 397 1792 s.
424 1726 600 1793 LXXXVI.
626 1726 849 1793 testimonium
883 1726 1086 1793 maturitatis
1115 1729 1279 1812 adeptus
1317 1747 1388 1793 snm.

190 1838 315 1905 Deinde
352 1839 384 1903 in
419 1837 643 1904 Universitate
680 1837 879 1903 Litterarum
915 1836 1081 1904 Friderica
1115 1839 1299 1906 Guilelma
1337 1857 1385 1919 per

191 1948 294 2016 octies
323 1968 382 2015 sex
408 1969 536 2015 menses
563 1948 765 2030 linguisticis
799 1954 834 2013 ct
863 1950 1068 2033 philologieis
1097 1952 1228 2018 studiis
1260 1967 1384 2033 operam

192 2060 266 2127 dedi
280 2061 414 2127 audiens
430 2061 631 2143 professores
648 2058 903 2127 illustrissimos:
920 2061 958 2126 Α.
975 2062 1205 2128 Brncckner
1221 2059 1381 2129 Curtius

192 2172 302 2238 Diels
325 2173 487 2254 Dilthey
506 2171 764 2254 Ebbinghaus
780 2171 956 2237 Hucbncr
973 2172 1184 2239 Xirchhoff
1199 2176 1378 2240 Lazarus

192 2284 410 2366 Oldenberg
440 2284 470 2349 J.
494 2283 666 2349 Schmidt
700 2283 847 2348 Vahlen
878 2283 1013 2349 Weber
1046 2284 1187 2352 Zellcr.
1252 2279 1378 2351 Exerci-

192 2396 370 2462 tationibus
387 2395 526 2477 benigne
541 2415 591 2460 me
608 2394 810 2461 admiserunt
826 2396 998 2461 sanscritis
1014 2400 1049 2460 et
1064 2395 1215 2462 zendicis
1234 2396 1374 2470 Weber,

191 2506 356 2573 lituanicis
369 2511 403 2572 et
415 2505 534 2588 goticis
545 2506 564 2571 J
568 2557 575 2570 .
590 2505 773 2588 Schmidt,
786 2506 1077 2587 palaeoslovenicis
1087 2509 1125 2572 Α.
1135 2507 1373 2574 Brnccknor,

193 2617 315 2696 Quibus
342 2617 423 2684 viris
451 2616 648 2683 doctissimis
682 2615 804 2699 optimc
837 2618 877 2682 de
909 2637 961 2683 me
993 2617 1118 2683 meritis
1151 2618 1283 2700 gratias
1310 2630 1368 2691 ago

194 2728 394 2796 verissimas.
455 2727 710 2798 candidissimas
748 2746 825 2794 vero
861 2727 1043 2794 rectoribus
1082 2727 1252 2795 seminarii
1289 2715 1367 2801 regii

193 2839 395 2923 philologici,
429 2839 521 2906 cuius
556 2839 678 2906 sodalis
708 2839 889 2905 ordinarius
915 2859 974 2922 per
1002 2837 1067 2904 tria
1095 2836 1274 2906 semestris
1298 2846 1369 2896 esse

192 2950 270 3017 mihi
292 2950 398 3034 licuit,
432 2950 679 3034 Xirchhofsio
703 2956 738 3016 et
761 2949 952 3031 Vahlen0,
976 2949 1091 3031 quibus
1120 2948 1295 3031 plurimum
1321 2956 1368 3026 tuq

193 3064 311 3129 debere
339 3062 464 3128 sincere
498 3067 532 3127 et
559 3063 699 3129 libenter
725 3062 841 3128 fateor.
886 3062 1004 3127 Omnes
1027 3066 1135 3127 autem
1165 3060 1366 3143 professores

193 3194 282 3240 meos
305 3180 403 3257 grata
425 3180 459 3239 et
481 3173 536 3256 pia
557 3173 709 3241 memoria
732 3173 767 3238 in
790 3173 1018 3255 sempiternum
1041 3171 1153 3237 colam.
