2925 4909
713 342 900 401 „2-

217 526 345 591 censuit
368 530 411 607 (p.
437 527 501 603 63).
548 526 702 603 Quoniam
726 526 828 605 igitur
851 525 969 591 similia
993 525 1087 592 Nonii
1110 533 1144 592 et
1168 527 1275 592 Verrii
1299 547 1405 609 opera

217 637 373 720 ordinum,
385 637 425 701 de
434 636 548 717 quibus
556 636 632 717 dixi,
646 641 679 702 et
690 636 827 703 fontium
836 637 1064 703 communitate
1074 638 1212 718 quadam
1221 640 1405 704 cohaerere

216 749 377 830 videntur,
392 746 612 813 necessarium
627 747 705 813 mibi
720 748 824 814 visum
841 753 903 830 est,
927 747 1112 814 accuratius
1133 747 1293 815 Nonium
1317 769 1405 816 curn

216 860 356 925 Verrio
374 859 562 924 conferre.
593 859 663 936 Qua
674 859 916 940 comparatione
929 879 992 924 non
1004 861 1065 925 boc
1080 859 1236 942 imprimis
1249 861 1404 926 evincere

215 970 333 1054 studui,
349 974 385 1038 ut
400 969 590 1053 singillatim
607 970 646 1035 de
662 969 785 1051 origiue
801 989 912 1036 earum
926 990 1042 1052 rerum,
1059 990 1142 1052 quae
1157 973 1243 1053 apud
1258 973 1348 1037 huuc
1365 977 1403 1036 et

215 1083 305 1147 illum
317 1082 517 1165 conspirant,
530 1081 702 1162 disseram;
716 1081 798 1146 satis
810 1081 908 1146 habui
920 1102 1026 1147 rernm
1038 1083 1281 1148 similitudinem
1294 1102 1402 1163 quan·

215 1194 288 1258 dam
304 1193 475 1260 ostendere
491 1198 525 1260 et
548 1211 587 1256 ea
604 1193 761 1273 quomodo
783 1192 874 1257 facta
897 1192 941 1257 sit
962 1192 995 1258 in
1009 1192 1202 1259 uniuersum
1218 1192 1401 1259 declarare.

214 1304 356 1370 Fructus
385 1309 491 1370 antem
526 1303 646 1384 aliquid
674 1303 906 1369 dissertatione
939 1323 1011 1369 mea
1039 1305 1294 1370 redundaturum
1323 1323 1402 1370 esse

216 1435 310 1497 spero
345 1415 378 1481 in
409 1414 644 1497 quaestionem,
679 1415 792 1495 quales
825 1414 934 1479 fontes
968 1414 1173 1480 adhibuerint
1195 1414 1330 1480 Verrius
1368 1420 1402 1479 et

215 1526 347 1609 Nonius,
371 1526 459 1592 etin
482 1526 630 1592 ultimum
652 1524 831 1591 studiorum
847 1525 1186 1608 glossograpbicorum
1208 1526 1314 1608 finem,
1342 1526 1401 1607 qui

215 1638 439 1721 cognoscendo
462 1637 614 1719 primario
638 1637 775 1717 quodam
799 1638 980 1719 glossarum
1004 1637 1179 1702 latinarum
1205 1657 1340 1719 corpore
1367 1643 1401 1703 et

213 1749 420 1815 fundamento
437 1747 602 1814 definitur.
620 1784 658 1793 -
680 1747 842 1813 Primum
863 1749 906 1813 de
928 1748 1098 1831 singulis
1119 1746 1147 1813 N
1155 1748 1233 1813 ouii
1260 1748 1400 1831 libris,

213 1860 350 1925 deinde
373 1861 417 1925 de
439 1859 590 1941 glossis
614 1858 833 1940 Plautinis,
862 1859 1029 1940 denique
1051 1860 1096 1924 de
1118 1858 1270 1940 glossis
1298 1859 1399 1926 Var-

212 1970 391 2036 ronianis
420 1991 615 2052 exponam.

709 2235 848 2302 curor
872 2236 896 2301 1.
984 2160 989 2167 .
1081 2331 1083 2338 ὲ

464 2424 528 2514 DE
556 2422 778 2516 SINGULIS
806 2422 941 2516 NONll
968 2423 1138 2516 LIBRlS.

297 2609 387 2679 Inter
420 2612 515 2680 Nonii
543 2619 575 2678 et
604 2613 709 2677 Verrii
743 2632 842 2694 opera
874 2615 955 2677 baec
990 2613 1173 2678 differentia
1206 2614 1395 2699 intercedit,

206 2726 295 2807 ¹quod
318 2724 473 2791 Verriaui
489 2725 595 2807 operis
617 2723 692 2789 libri
708 2744 819 2789 omnes
843 2725 977 2789 eandem
993 2726 1150 2791 rationem
1163 2727 1296 2821 babent,
1320 2748 1396 2793 curn

211 2834 333 2902 Nouius
367 2836 400 2902 in
434 2835 637 2917 undeviginti
665 2835 828 2916 capitibus
863 2837 903 2901 de
937 2836 1076 2902 diuersis
1111 2837 1279 2903 doctrinae
1314 2858 1397 2903 suae

210 2948 360 3029 partibus
396 2952 485 3029 agat.
541 2949 697 3023 Attamen
737 2949 902 3012 amborum
938 2948 1181 3030 comparatione
1215 2948 1395 3014 similitudo

210 3059 367 3139 quaedam
389 3080 495 3126 rerum
512 3063 727 3125 tractatarum
751 3059 958 3142 perspicitur,
983 3079 1053 3124 cunr
1076 3079 1140 3124 uon
1162 3060 1266 3125 solum
1287 3060 1396 3125 multa

209 3171 362 3236 lemmata
385 3176 566 3253 congruant
596 3171 654 3234 sed
677 3171 776 3235 etiam
805 3170 928 3234 formae
951 3170 1142 3252 glossarum,
1172 3177 1209 3235 ut
1232 3177 1395 3252 appareat

130 3334 133 3339 .
209 3284 321 3363 quales
337 3283 412 3347 libri
428 3282 532 3364 qualis
548 3281 685 3347 materia
701 3280 814 3361 quales
831 3279 1015 3376 sententiae
1030 3282 1072 3345 ad
1086 3301 1138 3346 res
1155 3282 1391 3363 grammaticas

211 3393 413 3476 pertinentes
439 3393 550 3457 Verrio
575 3397 609 3456 et
632 3390 734 3458 Nonio
758 3397 891 3474 praesto
914 3391 1046 3458 fuerint.

294 3549 316 3613 l.
350 3546 658 3629 Compendiosae
691 3546 897 3612 doctrinae
930 3545 1032 3612 liber
1062 3546 1083 3609 l.
1115 3544 1317 3610 inscribitur:
1352 3549 1395 3613 de

201 3661 399 3743 proprietate
430 3682 618 3741 samonam,
655 3667 748 3739 quem
781 3657 912 3723 titulum
936 3656 1224 3723 Sohottmuellerus
1257 3677 1288 3737 p.
1312 3659 1389 3723 825.

207 3771 290 3836 falso
308 3773 420 3853 opinor
434 3771 483 3836 ita
497 3770 661 3852 iutelligit,
678 3770 771 3850 quasi
788 3774 908 3849 agatur
923 3770 962 3833 de
977 3768 1136 3850 primaria
1150 3766 1391 3849 significatione

208 3882 262 3960 (cf.
286 3882 340 3947 lib.
359 3883 409 3948 Vl.
431 3886 469 3948 de
483 3882 687 3965 impropriis)
705 3879 863 3961 vocabuli,
887 3880 970 3959 quod
994 3881 1079 3945 alias
1095 3899 1220 3960 quoque
1237 3879 1390 3946 notiones

208 3993 344 4076 accepit.
402 3995 502 4072 Quam
536 3996 576 4059 ob
609 4012 676 4057 rem
711 3992 840 4072 glossas
875 3989 1046 4057 Plautinas
1082 3995 1196 4057 contra
1229 3989 1390 4055 rationem

206 4105 301 4170 huius
328 4106 403 4170 libri
434 4125 580 4187 pugnare
608 4103 796 4184 arbitratur,
831 4103 948 4183 quippe
978 4123 1060 4182 quae
1091 4123 1130 4167 ex
1157 4101 1389 4167 commentario

207 4216 364 4297 originem
383 4217 613 4283 vocabulorum
628 4215 679 4281 uel
695 4214 928 4296 etymologiam
945 4217 1112 4278 tractante
1126 4214 1286 4279 firmarint.
1325 4213 1389 4277 Sed

208 4331 343 4394 obstant
366 4327 439 4393 buic
454 4326 694 4392 ratiocinationi
718 4326 874 4407 plurimae
896 4327 1028 4406 glossae
1053 4327 1144 4390 velut
1166 4324 1288 4388 ordinis
1307 4323 1388 4388 Var-
