<?xml version="1.0" encoding="UTF-8"?>
<!DOCTYPE html PUBLIC "-//W3C//DTD XHTML 1.0 Transitional//EN"
    "http://www.w3.org/TR/xhtml1/DTD/xhtml1-transitional.dtd">
<html xmlns="http://www.w3.org/1999/xhtml" xml:lang="en" lang="en">
 <head>
  <title>
</title>
<meta http-equiv="Content-Type" content="text/html;charset=utf-8" />
  <meta name='ocr-system' content='tesseract 3.04.00' />
  <meta name='ocr-capabilities' content='ocr_page ocr_carea ocr_par ocr_line ocrx_word'/>
</head>
<body>
  <div class='ocr_page' id='page_1' title='image "./denoniomarcello00froegoog/denoniomarcello00froegoog_0031.png"; bbox 0 0 2925 4909; ppageno 0'>
   <div class='ocr_carea' id='block_1_1' title="bbox 604 272 816 368">
    <p class='ocr_par' dir='ltr' id='par_1_1' title="bbox 604 272 816 368">
     <span class='ocr_line' id='line_1_1' title="bbox 604 272 816 368; baseline 0 -19"><span class='ocrx_word' id='word_1_1' title='bbox 604 272 816 368; x_wconf 42' lang='lat'><strong>221.-</strong></span> 
     </span>
    </p>
   </div>
   <div class='ocr_carea' id='block_1_2' title="bbox 113 491 1307 4356">
    <p class='ocr_par' dir='ltr' id='par_1_2' title="bbox 113 491 1307 4356">
     <span class='ocr_line' id='line_1_2' title="bbox 113 491 1302 576; baseline 0.003 -19"><span class='ocrx_word' id='word_1_2' title='bbox 113 514 143 575; x_wconf 92' lang='lat' dir='ltr'><strong>p.</strong></span> <span class='ocrx_word' id='word_1_3' title='bbox 168 495 223 557; x_wconf 83' lang='lat'><strong>34.</strong></span> <span class='ocrx_word' id='word_1_4' title='bbox 248 498 302 557; x_wconf 85' lang='lat'><strong>47.</strong></span> <span class='ocrx_word' id='word_1_5' title='bbox 337 513 461 574; x_wconf 88' lang='lat' dir='ltr'><strong>negans</strong></span> <span class='ocrx_word' id='word_1_6' title='bbox 496 491 631 559; x_wconf 84' lang='lat' dir='ltr'>Nonium</span> <span class='ocrx_word' id='word_1_7' title='bbox 662 491 810 559; x_wconf 85' lang='lat' dir='ltr'><strong>Plautum</strong></span> <span class='ocrx_word' id='word_1_8' title='bbox 844 493 948 574; x_wconf 89' lang='lat' dir='ltr'><strong>ipsum</strong></span> <span class='ocrx_word' id='word_1_9' title='bbox 983 493 1199 576; x_wconf 76' lang='lat' dir='ltr'><strong>exscripsisse</strong></span> <span class='ocrx_word' id='word_1_10' title='bbox 1221 496 1302 561; x_wconf 90' lang='lat' dir='ltr'><strong>duos</strong></span> 
     </span>
     <span class='ocr_line' id='line_1_3' title="bbox 113 604 1303 686; baseline 0.002 -17"><span class='ocrx_word' id='word_1_11' title='bbox 113 604 192 670; x_wconf 87' lang='lat' dir='ltr'><strong>libri</strong></span> <span class='ocrx_word' id='word_1_12' title='bbox 215 604 315 686; x_wconf 92' lang='lat' dir='ltr'><strong>primi</strong></span> <span class='ocrx_word' id='word_1_13' title='bbox 339 604 468 670; x_wconf 76' lang='lat' dir='ltr'><strong>ordines</strong></span> <span class='ocrx_word' id='word_1_14' title='bbox 490 604 593 669; x_wconf 83' lang='lat' dir='ltr'><strong>refert</strong></span> <span class='ocrx_word' id='word_1_15' title='bbox 615 604 658 668; x_wconf 90' lang='lat' dir='ltr'><strong>ad</strong></span> <span class='ocrx_word' id='word_1_16' title='bbox 680 604 925 670; x_wconf 88' lang='lat' dir='ltr'><strong>commentarios</strong></span> <span class='ocrx_word' id='word_1_17' title='bbox 948 606 1039 671; x_wconf 85' lang='lat' dir='ltr'><strong>duos.</strong></span> <span class='ocrx_word' id='word_1_18' title='bbox 1065 625 1096 672; x_wconf 92' lang='lat' dir='ltr'><strong>v.</strong></span> <span class='ocrx_word' id='word_1_19' title='bbox 1121 627 1146 671; x_wconf 91' lang='lat' dir='ltr'><strong>s.</strong></span> <span class='ocrx_word' id='word_1_20' title='bbox 1201 607 1303 683; x_wconf 80' lang='lat' dir='ltr'><strong>Quam</strong></span> 
     </span>
     <span class='ocr_line' id='line_1_4' title="bbox 115 714 1303 798; baseline 0.001 -16"><span class='ocrx_word' id='word_1_21' title='bbox 115 715 306 798; x_wconf 85' lang='lat' dir='ltr'><strong>opinionem</strong></span> <span class='ocrx_word' id='word_1_22' title='bbox 333 718 553 797; x_wconf 90' lang='lat' dir='ltr'><strong>probaverunt</strong></span> <span class='ocrx_word' id='word_1_23' title='bbox 582 714 803 796; x_wconf 90' lang='lat' dir='ltr'><strong>Hennigius</strong></span> <span class='ocrx_word' id='word_1_24' title='bbox 832 717 900 796; x_wconf 89' lang='lat' dir='ltr'><strong>(De</strong></span> <span class='ocrx_word' id='word_1_25' title='bbox 921 718 1027 782; x_wconf 89' lang='lat' dir='ltr'><strong>Nonii</strong></span> <span class='ocrx_word' id='word_1_26' title='bbox 1048 717 1203 784; x_wconf 75' lang='lat' dir='ltr'><strong>Marcelli</strong></span> <span class='ocrx_word' id='word_1_27' title='bbox 1226 718 1303 783; x_wconf 81' lang='lat' dir='ltr'><strong>locis</strong></span> 
     </span>
     <span class='ocr_line' id='line_1_5' title="bbox 117 826 1303 909; baseline 0.002 -16"><span class='ocrx_word' id='word_1_28' title='bbox 117 827 302 894; x_wconf 77' lang='lat' dir='ltr'><strong>Plautinis.</strong></span> <span class='ocrx_word' id='word_1_29' title='bbox 328 826 507 907; x_wconf 83' lang='lat' dir='ltr'><strong>chimont.</strong></span> <span class='ocrx_word' id='word_1_30' title='bbox 553 829 659 901; x_wconf 82' lang='lat'><strong>1884.)</strong></span> <span class='ocrx_word' id='word_1_31' title='bbox 678 847 707 908; x_wconf 88' lang='lat' dir='ltr'><strong>p.</strong></span> <span class='ocrx_word' id='word_1_32' title='bbox 738 829 831 891; x_wconf 78' lang='lat'><strong>2-3.</strong></span> <span class='ocrx_word' id='word_1_33' title='bbox 860 831 894 891; x_wconf 92' lang='lat' dir='ltr'><strong>et</strong></span> <span class='ocrx_word' id='word_1_34' title='bbox 918 827 1064 893; x_wconf 84' lang='lat' dir='ltr'><strong>Caesar</strong></span> <span class='ocrx_word' id='word_1_35' title='bbox 1093 827 1161 909; x_wconf 89' lang='lat' dir='ltr'><strong>(De</strong></span> <span class='ocrx_word' id='word_1_36' title='bbox 1190 829 1303 895; x_wconf 87' lang='lat' dir='ltr'><strong>Plaati</strong></span> 
     </span>
     <span class='ocr_line' id='line_1_6' title="bbox 114 937 1301 1020; baseline 0.001 -16"><span class='ocrx_word' id='word_1_37' title='bbox 114 939 276 1005; x_wconf 86' lang='lat' dir='ltr'><strong>memoria</strong></span> <span class='ocrx_word' id='word_1_38' title='bbox 310 940 400 1020; x_wconf 63' lang='lat' dir='ltr'><strong>apati</strong></span> <span class='ocrx_word' id='word_1_39' title='bbox 419 939 565 1003; x_wconf 77' lang='lat' dir='ltr'><strong>Noniani</strong></span> <span class='ocrx_word' id='word_1_40' title='bbox 597 945 732 1004; x_wconf 81' lang='grc'>11111.</span> <span class='ocrx_word' id='word_1_41' title='bbox 780 937 952 1019; x_wconf 82' lang='lat' dir='ltr'><strong>Argentor.</strong></span> <span class='ocrx_word' id='word_1_42' title='bbox 978 939 1083 1016; x_wconf 85' lang='grc'>1886.)</span> <span class='ocrx_word' id='word_1_43' title='bbox 1118 959 1149 1020; x_wconf 88' lang='lat' dir='ltr'><strong>p.</strong></span> <span class='ocrx_word' id='word_1_44' title='bbox 1174 939 1301 1020; x_wconf 83' lang='grc'>6.,11111</span> 
     </span>
     <span class='ocr_line' id='line_1_7' title="bbox 116 1048 1301 1130; baseline 0.001 -15"><span class='ocrx_word' id='word_1_45' title='bbox 116 1050 206 1130; x_wconf 91' lang='lat' dir='ltr'><strong>quod</strong></span> <span class='ocrx_word' id='word_1_46' title='bbox 229 1048 403 1114; x_wconf 84' lang='lat' dir='ltr'><strong>discrimen</strong></span> <span class='ocrx_word' id='word_1_47' title='bbox 419 1048 505 1114; x_wconf 90' lang='lat' dir='ltr'><strong>inter</strong></span> <span class='ocrx_word' id='word_1_48' title='bbox 520 1049 667 1130; x_wconf 85' lang='lat' dir='ltr'><strong>exempla</strong></span> <span class='ocrx_word' id='word_1_49' title='bbox 689 1048 844 1130; x_wconf 87' lang='lat' dir='ltr'><strong>primaria</strong></span> <span class='ocrx_word' id='word_1_50' title='bbox 866 1054 901 1113; x_wconf 92' lang='lat' dir='ltr'><strong>et</strong></span> <span class='ocrx_word' id='word_1_51' title='bbox 916 1050 1087 1115; x_wconf 83' lang='lat' dir='ltr'><strong>subseciva</strong></span> <span class='ocrx_word' id='word_1_52' title='bbox 1101 1049 1301 1116; x_wconf 79' lang='lat' dir='ltr'><strong>intercedere</strong></span> 
     </span>
     <span class='ocr_line' id='line_1_8' title="bbox 116 1159 1303 1243; baseline 0.001 -18"><span class='ocrx_word' id='word_1_53' title='bbox 116 1160 405 1226; x_wconf 88' lang='lat' dir='ltr'><strong>existimaverunt.</strong></span> <span class='ocrx_word' id='word_1_54' title='bbox 448 1159 628 1243; x_wconf 88' lang='lat' dir='ltr'><strong>Hennigius</strong></span> <span class='ocrx_word' id='word_1_55' title='bbox 651 1160 735 1225; x_wconf 91' lang='lat' dir='ltr'><strong>enim</strong></span> <span class='ocrx_word' id='word_1_56' title='bbox 760 1159 842 1224; x_wconf 88' lang='lat' dir='ltr'><strong>satis</strong></span> <span class='ocrx_word' id='word_1_57' title='bbox 865 1159 945 1225; x_wconf 88' lang='lat' dir='ltr'><strong>mire</strong></span> <span class='ocrx_word' id='word_1_58' title='bbox 967 1160 1115 1241; x_wconf 86' lang='lat' dir='ltr'><strong>exempla</strong></span> <span class='ocrx_word' id='word_1_59' title='bbox 1131 1160 1303 1228; x_wconf 80' lang='lat' dir='ltr'><strong>subseciva</strong></span> 
     </span>
     <span class='ocr_line' id='line_1_9' title="bbox 117 1269 1301 1354; baseline 0 -17"><span class='ocrx_word' id='word_1_60' title='bbox 117 1293 161 1337; x_wconf 91' lang='lat' dir='ltr'><strong>ex</strong></span> <span class='ocrx_word' id='word_1_61' title='bbox 183 1272 302 1337; x_wconf 84' lang='lat' dir='ltr'><strong>eodem</strong></span> <span class='ocrx_word' id='word_1_62' title='bbox 321 1271 548 1337; x_wconf 89' lang='lat' dir='ltr'><strong>commentario</strong></span> <span class='ocrx_word' id='word_1_63' title='bbox 565 1272 756 1353; x_wconf 89' lang='lat' dir='ltr'><strong>deprompta</strong></span> <span class='ocrx_word' id='word_1_64' title='bbox 772 1289 846 1336; x_wconf 89' lang='lat' dir='ltr'><strong>esse</strong></span> <span class='ocrx_word' id='word_1_65' title='bbox 860 1269 965 1352; x_wconf 89' lang='lat' dir='ltr'><strong>fingit,</strong></span> <span class='ocrx_word' id='word_1_66' title='bbox 988 1291 1028 1335; x_wconf 92' lang='lat' dir='ltr'><strong>ex</strong></span> <span class='ocrx_word' id='word_1_67' title='bbox 1043 1291 1106 1352; x_wconf 90' lang='lat' dir='ltr'><strong>qno</strong></span> <span class='ocrx_word' id='word_1_68' title='bbox 1122 1273 1301 1354; x_wconf 87' lang='lat' dir='ltr'><strong>exemplum</strong></span> 
     </span>
     <span class='ocr_line' id='line_1_10' title="bbox 117 1380 1302 1465; baseline 0 -17"><span class='ocrx_word' id='word_1_69' title='bbox 117 1382 311 1465; x_wconf 89' lang='lat' dir='ltr'><strong>primarium</strong></span> <span class='ocrx_word' id='word_1_70' title='bbox 335 1382 474 1465; x_wconf 88' lang='lat' dir='ltr'><strong>fluxerit,</strong></span> <span class='ocrx_word' id='word_1_71' title='bbox 496 1387 534 1447; x_wconf 90' lang='lat' dir='ltr'><strong>ut</strong></span> <span class='ocrx_word' id='word_1_72' title='bbox 558 1401 673 1448; x_wconf 88' lang='lat' dir='ltr'><strong>versus</strong></span> <span class='ocrx_word' id='word_1_73' title='bbox 689 1382 809 1447; x_wconf 82' lang='lat' dir='ltr'><strong>Persae</strong></span> <span class='ocrx_word' id='word_1_74' title='bbox 831 1380 864 1446; x_wconf 92' lang='lat' dir='ltr'><strong>in</strong></span> <span class='ocrx_word' id='word_1_75' title='bbox 887 1381 1008 1447; x_wconf 89' lang='lat' dir='ltr'><strong>ordinis</strong></span> <span class='ocrx_word' id='word_1_76' title='bbox 1024 1382 1167 1448; x_wconf 89' lang='lat' dir='ltr'><strong>Plautini</strong></span> <span class='ocrx_word' id='word_1_77' title='bbox 1190 1384 1302 1464; x_wconf 81' lang='lat' dir='ltr'><strong>glossa</strong></span> 
     </span>
     <span class='ocr_line' id='line_1_11' title="bbox 118 1492 1302 1577; baseline 0.002 -19"><span class='ocrx_word' id='word_1_78' title='bbox 118 1515 151 1577; x_wconf 87' lang='lat' dir='ltr'><strong>p.</strong></span> <span class='ocrx_word' id='word_1_79' title='bbox 172 1498 221 1559; x_wconf 85' lang='lat'><strong>10.</strong></span> <span class='ocrx_word' id='word_1_80' title='bbox 245 1494 311 1560; x_wconf 75' lang='lat' dir='ltr'><strong>ilex</strong></span> <span class='ocrx_word' id='word_1_81' title='bbox 332 1514 372 1559; x_wconf 90' lang='lat' dir='ltr'><strong>ex</strong></span> <span class='ocrx_word' id='word_1_82' title='bbox 394 1493 622 1560; x_wconf 89' lang='lat' dir='ltr'><strong>commentario</strong></span> <span class='ocrx_word' id='word_1_83' title='bbox 646 1492 807 1574; x_wconf 88' lang='lat' dir='ltr'><strong>Plautino,</strong></span> <span class='ocrx_word' id='word_1_84' title='bbox 830 1492 1002 1559; x_wconf 83' lang='lat' dir='ltr'><strong>Asinariae</strong></span> <span class='ocrx_word' id='word_1_85' title='bbox 1018 1496 1118 1559; x_wconf 90' lang='lat' dir='ltr'><strong>verba</strong></span> <span class='ocrx_word' id='word_1_86' title='bbox 1140 1494 1174 1559; x_wconf 94' lang='lat' dir='ltr'><strong>in</strong></span> <span class='ocrx_word' id='word_1_87' title='bbox 1191 1495 1302 1575; x_wconf 81' lang='lat' dir='ltr'><strong>glossa</strong></span> 
     </span>
     <span class='ocr_line' id='line_1_12' title="bbox 119 1602 1301 1688; baseline -0.001 -17"><span class='ocrx_word' id='word_1_88' title='bbox 119 1606 263 1672; x_wconf 82' lang='lat' dir='ltr'><strong>Attiano</strong></span> <span class='ocrx_word' id='word_1_89' title='bbox 286 1625 317 1686; x_wconf 95' lang='lat' dir='ltr'><strong>p.</strong></span> <span class='ocrx_word' id='word_1_90' title='bbox 340 1609 413 1670; x_wconf 81' lang='lat'><strong>470.</strong></span> <span class='ocrx_word' id='word_1_91' title='bbox 437 1605 612 1687; x_wconf 80' lang='lat' dir='ltr'><strong>contempla</strong></span> <span class='ocrx_word' id='word_1_92' title='bbox 644 1624 685 1669; x_wconf 86' lang='lat' dir='ltr'><strong>ex</strong></span> <span class='ocrx_word' id='word_1_93' title='bbox 718 1602 947 1669; x_wconf 88' lang='lat' dir='ltr'><strong>commentario</strong></span> <span class='ocrx_word' id='word_1_94' title='bbox 976 1603 1114 1672; x_wconf 83' lang='lat' dir='ltr'><strong>Attiano</strong></span> <span class='ocrx_word' id='word_1_95' title='bbox 1143 1606 1301 1688; x_wconf 83' lang='lat' dir='ltr'><strong>originem</strong></span> 
     </span>
     <span class='ocr_line' id='line_1_13' title="bbox 119 1716 1303 1797; baseline 0 -16"><span class='ocrx_word' id='word_1_96' title='bbox 119 1719 302 1782; x_wconf 79' lang='lat' dir='ltr'><strong>traherent.</strong></span> <span class='ocrx_word' id='word_1_97' title='bbox 348 1717 471 1783; x_wconf 85' lang='lat' dir='ltr'><strong>Caesar</strong></span> <span class='ocrx_word' id='word_1_98' title='bbox 504 1721 612 1782; x_wconf 89' lang='lat' dir='ltr'><strong>antem</strong></span> <span class='ocrx_word' id='word_1_99' title='bbox 636 1716 784 1797; x_wconf 90' lang='lat' dir='ltr'><strong>exempla</strong></span> <span class='ocrx_word' id='word_1_100' title='bbox 811 1735 894 1796; x_wconf 91' lang='lat' dir='ltr'><strong>quae</strong></span> <span class='ocrx_word' id='word_1_101' title='bbox 916 1721 1011 1780; x_wconf 88' lang='lat' dir='ltr'><strong>extra</strong></span> <span class='ocrx_word' id='word_1_102' title='bbox 1034 1716 1163 1783; x_wconf 88' lang='lat' dir='ltr'><strong>ordines</strong></span> <span class='ocrx_word' id='word_1_103' title='bbox 1187 1722 1303 1782; x_wconf 87' lang='lat' dir='ltr'><strong>extant</strong></span> 
     </span>
     <span class='ocr_line' id='line_1_14' title="bbox 123 1825 1302 1910; baseline -0.002 -15"><span class='ocrx_word' id='word_1_104' title='bbox 123 1829 282 1910; x_wconf 87' lang='lat' dir='ltr'><strong>quomodo</strong></span> <span class='ocrx_word' id='word_1_105' title='bbox 306 1825 429 1894; x_wconf 90' lang='lat' dir='ltr'><strong>Nonius</strong></span> <span class='ocrx_word' id='word_1_106' title='bbox 464 1827 688 1910; x_wconf 87' lang='lat' dir='ltr'><strong>compilaverit</strong></span> <span class='ocrx_word' id='word_1_107' title='bbox 710 1847 774 1892; x_wconf 90' lang='lat' dir='ltr'><strong>non</strong></span> <span class='ocrx_word' id='word_1_108' title='bbox 802 1831 953 1892; x_wconf 90' lang='lat' dir='ltr'><strong>constare</strong></span> <span class='ocrx_word' id='word_1_109' title='bbox 976 1826 1065 1910; x_wconf 90' lang='lat' dir='ltr'><strong>dicit,</strong></span> <span class='ocrx_word' id='word_1_110' title='bbox 1088 1833 1124 1893; x_wconf 90' lang='lat' dir='ltr'><strong>ut</strong></span> <span class='ocrx_word' id='word_1_111' title='bbox 1145 1828 1226 1894; x_wconf 91' lang='lat' dir='ltr'><strong>nihil</strong></span> <span class='ocrx_word' id='word_1_112' title='bbox 1248 1830 1302 1894; x_wconf 89' lang='lat' dir='ltr'><strong>ob-</strong></span> 
     </span>
     <span class='ocr_line' id='line_1_15' title="bbox 123 1935 1301 2022; baseline -0.001 -16"><span class='ocrx_word' id='word_1_113' title='bbox 123 1945 202 2022; x_wconf 89' lang='lat' dir='ltr'><strong>stet,</strong></span> <span class='ocrx_word' id='word_1_114' title='bbox 227 1938 394 2020; x_wconf 88' lang='lat' dir='ltr'><strong>quominus</strong></span> <span class='ocrx_word' id='word_1_115' title='bbox 418 1936 554 2005; x_wconf 88' lang='lat' dir='ltr'><strong>Nonium</strong></span> <span class='ocrx_word' id='word_1_116' title='bbox 578 1939 639 2020; x_wconf 94' lang='lat' dir='ltr'><strong>,vel</strong></span> <span class='ocrx_word' id='word_1_117' title='bbox 662 1938 812 2004; x_wconf 88' lang='lat' dir='ltr'><strong>Plautum</strong></span> <span class='ocrx_word' id='word_1_118' title='bbox 827 1935 944 2019; x_wconf 83' lang='lat' dir='ltr'><strong>ipsunr&#39;</strong></span> <span class='ocrx_word' id='word_1_119' title='bbox 969 1939 1011 2003; x_wconf 90' lang='lat' dir='ltr'><strong>ad</strong></span> <span class='ocrx_word' id='word_1_120' title='bbox 1032 1944 1147 2019; x_wconf 88' lang='lat' dir='ltr'><strong>partos</strong></span> <span class='ocrx_word' id='word_1_121' title='bbox 1163 1959 1301 2005; x_wconf 88' lang='lat' dir='ltr'><strong>vocasse</strong></span> 
     </span>
     <span class='ocr_line' id='line_1_16' title="bbox 122 2049 1301 2134; baseline -0.001 -17"><span class='ocrx_word' id='word_1_122' title='bbox 122 2058 285 2134; x_wconf 88' lang='lat' dir='ltr'><strong>putemus.</strong></span> <span class='ocrx_word' id='word_1_123' title='bbox 336 2049 525 2115; x_wconf 89' lang='lat' dir='ltr'><strong>Reblinus</strong></span> <span class='ocrx_word' id='word_1_124' title='bbox 554 2050 690 2131; x_wconf 89' lang='lat' dir='ltr'><strong>deniqne</strong></span> <span class='ocrx_word' id='word_1_125' title='bbox 719 2049 787 2130; x_wconf 88' lang='lat' dir='ltr'><strong>(De</strong></span> <span class='ocrx_word' id='word_1_126' title='bbox 813 2050 917 2115; x_wconf 90' lang='lat' dir='ltr'><strong>Nonii</strong></span> <span class='ocrx_word' id='word_1_127' title='bbox 944 2051 996 2115; x_wconf 84' lang='lat' dir='ltr'><strong>M.</strong></span> <span class='ocrx_word' id='word_1_128' title='bbox 1025 2050 1101 2115; x_wconf 71' lang='lat' dir='ltr'><strong>locis</strong></span> <span class='ocrx_word' id='word_1_129' title='bbox 1125 2051 1301 2117; x_wconf 80' lang='lat' dir='ltr'><strong>Plautinis.</strong></span> 
     </span>
     <span class='ocr_line' id='line_1_17' title="bbox 122 2160 1304 2246; baseline -0.003 -17"><span class='ocrx_word' id='word_1_130' title='bbox 122 2162 362 2246; x_wconf 85' lang='lat' dir='ltr'><strong>Grypbiswald.</strong></span> <span class='ocrx_word' id='word_1_131' title='bbox 389 2164 495 2238; x_wconf 78' lang='grc'>1886.)</span> <span class='ocrx_word' id='word_1_132' title='bbox 512 2182 543 2243; x_wconf 89' lang='lat' dir='ltr'><strong>p.</strong></span> <span class='ocrx_word' id='word_1_133' title='bbox 556 2165 607 2225; x_wconf 88' lang='grc'><strong>61.</strong></span> <span class='ocrx_word' id='word_1_134' title='bbox 624 2160 887 2227; x_wconf 87' lang='lat' dir='ltr'><strong>commentarium</strong></span> <span class='ocrx_word' id='word_1_135' title='bbox 911 2160 931 2226; x_wconf 92' lang='lat' dir='ltr'><strong>i.</strong></span> <span class='ocrx_word' id='word_1_136' title='bbox 949 2181 977 2227; x_wconf 88' lang='lat' dir='ltr'><strong>e.</strong></span> <span class='ocrx_word' id='word_1_137' title='bbox 1000 2160 1304 2243; x_wconf 85' lang='lat' dir='ltr'><strong>interpretationem</strong></span> 
     </span>
     <span class='ocr_line' id='line_1_18' title="bbox 123 2271 1303 2354; baseline -0.002 -15"><span class='ocrx_word' id='word_1_138' title='bbox 123 2274 195 2339; x_wconf 91' lang='lat' dir='ltr'><strong>sine</strong></span> <span class='ocrx_word' id='word_1_139' title='bbox 219 2275 408 2340; x_wconf 87' lang='lat' dir='ltr'><strong>recensione</strong></span> <span class='ocrx_word' id='word_1_140' title='bbox 431 2272 569 2354; x_wconf 88' lang='lat' dir='ltr'><strong>cogitari</strong></span> <span class='ocrx_word' id='word_1_141' title='bbox 592 2292 654 2338; x_wconf 90' lang='lat' dir='ltr'><strong>non</strong></span> <span class='ocrx_word' id='word_1_142' title='bbox 671 2291 770 2353; x_wconf 89' lang='lat' dir='ltr'><strong>posse</strong></span> <span class='ocrx_word' id='word_1_143' title='bbox 793 2272 984 2338; x_wconf 90' lang='lat' dir='ltr'><strong>existimans</strong></span> <span class='ocrx_word' id='word_1_144' title='bbox 1001 2271 1097 2338; x_wconf 92' lang='lat' dir='ltr'><strong>Nonii</strong></span> <span class='ocrx_word' id='word_1_145' title='bbox 1113 2273 1303 2339; x_wconf 91' lang='lat' dir='ltr'><strong>testimonia</strong></span> 
     </span>
     <span class='ocr_line' id='line_1_19' title="bbox 113 2382 1303 2468; baseline 0.002 -22"><span class='ocrx_word' id='word_1_146' title='bbox 113 2387 166 2451; x_wconf 86' lang='lat' dir='ltr'><strong>ad</strong></span> <span class='ocrx_word' id='word_1_147' title='bbox 188 2386 358 2468; x_wconf 87' lang='lat' dir='ltr'><strong>vulgatam</strong></span> <span class='ocrx_word' id='word_1_148' title='bbox 381 2385 563 2451; x_wconf 89' lang='lat' dir='ltr'><strong>fabularum</strong></span> <span class='ocrx_word' id='word_1_149' title='bbox 586 2385 721 2450; x_wconf 86' lang='lat' dir='ltr'><strong>formam</strong></span> <span class='ocrx_word' id='word_1_150' title='bbox 746 2382 852 2448; x_wconf 90' lang='lat' dir='ltr'><strong>redire</strong></span> <span class='ocrx_word' id='word_1_151' title='bbox 876 2383 938 2449; x_wconf 88' lang='lat' dir='ltr'><strong>sibi</strong></span> <span class='ocrx_word' id='word_1_152' title='bbox 960 2383 1137 2466; x_wconf 88' lang='lat' dir='ltr'><strong>persuasit,</strong></span> <span class='ocrx_word' id='word_1_153' title='bbox 1160 2384 1303 2450; x_wconf 89' lang='lat' dir='ltr'><strong>sednon</strong></span> 
     </span>
     <span class='ocr_line' id='line_1_20' title="bbox 121 2494 1304 2580; baseline -0.003 -18"><span class='ocrx_word' id='word_1_154' title='bbox 121 2497 182 2580; x_wconf 88' lang='lat' dir='ltr'><strong>ita,</strong></span> <span class='ocrx_word' id='word_1_155' title='bbox 217 2503 255 2563; x_wconf 90' lang='lat' dir='ltr'><strong>ut</strong></span> <span class='ocrx_word' id='word_1_156' title='bbox 277 2495 400 2562; x_wconf 89' lang='lat' dir='ltr'><strong>Nonius</strong></span> <span class='ocrx_word' id='word_1_157' title='bbox 424 2498 484 2561; x_wconf 94' lang='lat' dir='ltr'><strong>boc</strong></span> <span class='ocrx_word' id='word_1_158' title='bbox 519 2495 697 2577; x_wconf 88' lang='lat' dir='ltr'><strong>exemplari</strong></span> <span class='ocrx_word' id='word_1_159' title='bbox 719 2514 799 2561; x_wconf 89' lang='lat' dir='ltr'><strong>usus</strong></span> <span class='ocrx_word' id='word_1_160' title='bbox 823 2494 876 2577; x_wconf 90' lang='lat' dir='ltr'><strong>sit,</strong></span> <span class='ocrx_word' id='word_1_161' title='bbox 912 2496 966 2576; x_wconf 91' lang='lat' dir='ltr'><strong>qui</strong></span> <span class='ocrx_word' id='word_1_162' title='bbox 989 2495 1173 2560; x_wconf 88' lang='lat' dir='ltr'><strong>adbibuerit</strong></span> <span class='ocrx_word' id='word_1_163' title='bbox 1195 2494 1304 2577; x_wconf 92' lang='lat' dir='ltr'><strong>potius</strong></span> 
     </span>
     <span class='ocr_line' id='line_1_21' title="bbox 122 2606 1305 2691; baseline -0.001 -18"><span class='ocrx_word' id='word_1_164' title='bbox 122 2609 320 2690; x_wconf 85' lang='lat' dir='ltr'><strong>glossarium</strong></span> <span class='ocrx_word' id='word_1_165' title='bbox 343 2611 439 2691; x_wconf 82' lang='lat' dir='ltr'><strong>,qnod</strong></span> <span class='ocrx_word' id='word_1_166' title='bbox 457 2608 688 2691; x_wconf 75' lang='grc'>9111111111</span> <span class='ocrx_word' id='word_1_167' title='bbox 715 2606 849 2688; x_wconf 82' lang='lat' dir='ltr'><strong>qnidam</strong></span> <span class='ocrx_word' id='word_1_168' title='bbox 869 2607 993 2690; x_wconf 83' lang='lat' dir='ltr'><strong>plassas</strong></span> <span class='ocrx_word' id='word_1_169' title='bbox 1021 2607 1070 2672; x_wconf 88' lang='lat' dir='ltr'><strong>ael</strong></span> <span class='ocrx_word' id='word_1_170' title='bbox 1085 2607 1196 2689; x_wconf 82' lang='lat' dir='ltr'><strong>potins</strong></span> <span class='ocrx_word' id='word_1_171' title='bbox 1218 2608 1305 2690; x_wconf 72' lang='lat' dir='ltr'><strong>ipsos</strong></span> 
     </span>
     <span class='ocr_line' id='line_1_22' title="bbox 121 2718 1225 2802; baseline -0.003 -16"><span class='ocrx_word' id='word_1_172' title='bbox 121 2743 231 2787; x_wconf 78' lang='grc'>111111</span> <span class='ocrx_word' id='word_1_173' title='bbox 252 2742 418 2802; x_wconf 76' lang='lat' dir='ltr'><strong>excerpens</strong></span> <span class='ocrx_word' id='word_1_174' title='bbox 441 2719 639 2801; x_wconf 83' lang='lat' dir='ltr'><strong>aliornncqne</strong></span> <span class='ocrx_word' id='word_1_175' title='bbox 660 2719 804 2800; x_wconf 81' lang='lat' dir='ltr'><strong>caenapla</strong></span> <span class='ocrx_word' id='word_1_176' title='bbox 826 2718 970 2784; x_wconf 83' lang='lat' dir='ltr'><strong>adiciens</strong></span> <span class='ocrx_word' id='word_1_177' title='bbox 992 2719 1225 2801; x_wconf 83' lang='lat' dir='ltr'><strong>composnerit’.</strong></span> 
     </span>
     <span class='ocr_line' id='line_1_23' title="bbox 211 2828 1305 2911; baseline -0.001 -16"><span class='ocrx_word' id='word_1_178' title='bbox 211 2831 278 2897; x_wconf 90' lang='lat' dir='ltr'><strong>His</strong></span> <span class='ocrx_word' id='word_1_179' title='bbox 303 2830 521 2897; x_wconf 87' lang='lat' dir='ltr'><strong>sententiis</strong></span> <span class='ocrx_word' id='word_1_180' title='bbox 544 2849 662 2894; x_wconf 86' lang='lat' dir='ltr'><strong>meam</strong></span> <span class='ocrx_word' id='word_1_181' title='bbox 684 2848 728 2893; x_wconf 90' lang='lat' dir='ltr'><strong>ex</strong></span> <span class='ocrx_word' id='word_1_182' title='bbox 756 2828 986 2910; x_wconf 88' lang='lat' dir='ltr'><strong>insequenti</strong></span> <span class='ocrx_word' id='word_1_183' title='bbox 1009 2828 1305 2911; x_wconf 88' lang='lat' dir='ltr'><strong>comparatione</strong></span> 
     </span>
     <span class='ocr_line' id='line_1_24' title="bbox 123 2938 1305 3023; baseline -0.003 -16"><span class='ocrx_word' id='word_1_184' title='bbox 123 2947 254 3007; x_wconf 91' lang='lat' dir='ltr'><strong>natam</strong></span> <span class='ocrx_word' id='word_1_185' title='bbox 278 2962 440 3023; x_wconf 88' lang='lat' dir='ltr'><strong>oppono.</strong></span> <span class='ocrx_word' id='word_1_186' title='bbox 491 2940 632 3006; x_wconf 87' lang='lat' dir='ltr'><strong>Primum</strong></span> <span class='ocrx_word' id='word_1_187' title='bbox 666 2941 752 3020; x_wconf 93' lang='lat' dir='ltr'><strong>quod</strong></span> <span class='ocrx_word' id='word_1_188' title='bbox 773 2941 956 3005; x_wconf 89' lang='lat' dir='ltr'><strong>lemmata</strong></span> <span class='ocrx_word' id='word_1_189' title='bbox 990 2941 1075 3022; x_wconf 91' lang='lat' dir='ltr'><strong>apud</strong></span> <span class='ocrx_word' id='word_1_190' title='bbox 1105 2938 1243 3005; x_wconf 88' lang='lat' dir='ltr'><strong>Nonium</strong></span> <span class='ocrx_word' id='word_1_191' title='bbox 1271 2945 1305 3004; x_wconf 92' lang='lat' dir='ltr'><strong>et</strong></span> 
     </span>
     <span class='ocr_line' id='line_1_25' title="bbox 126 3050 1305 3135; baseline 0.002 -20"><span class='ocrx_word' id='word_1_192' title='bbox 126 3051 273 3118; x_wconf 87' lang='lat' dir='ltr'><strong>Verrium</strong></span> <span class='ocrx_word' id='word_1_193' title='bbox 302 3073 528 3135; x_wconf 86' lang='lat' dir='ltr'><strong>nonnunquam</strong></span> <span class='ocrx_word' id='word_1_194' title='bbox 562 3071 599 3116; x_wconf 89' lang='lat' dir='ltr'><strong>eo</strong></span> <span class='ocrx_word' id='word_1_195' title='bbox 624 3052 736 3117; x_wconf 90' lang='lat' dir='ltr'><strong>ordine</strong></span> <span class='ocrx_word' id='word_1_196' title='bbox 770 3071 805 3117; x_wconf 90' lang='lat' dir='ltr'><strong>se</strong></span> <span class='ocrx_word' id='word_1_197' title='bbox 835 3050 1011 3132; x_wconf 89' lang='lat' dir='ltr'><strong>excipiunt,</strong></span> <span class='ocrx_word' id='word_1_198' title='bbox 1045 3070 1108 3131; x_wconf 92' lang='lat' dir='ltr'><strong>quo</strong></span> <span class='ocrx_word' id='word_1_199' title='bbox 1131 3052 1163 3115; x_wconf 91' lang='lat' dir='ltr'><strong>in</strong></span> <span class='ocrx_word' id='word_1_200' title='bbox 1186 3050 1305 3117; x_wconf 85' lang='lat' dir='ltr'><strong>fabulis</strong></span> 
     </span>
     <span class='ocr_line' id='line_1_26' title="bbox 123 3161 1304 3245; baseline 0 -18"><span class='ocrx_word' id='word_1_201' title='bbox 123 3162 207 3245; x_wconf 91' lang='lat' dir='ltr'><strong>ipsis</strong></span> <span class='ocrx_word' id='word_1_202' title='bbox 236 3169 423 3244; x_wconf 86' lang='lat' dir='ltr'><strong>sequuntur,</strong></span> <span class='ocrx_word' id='word_1_203' title='bbox 457 3163 532 3228; x_wconf 91' lang='lat' dir='ltr'><strong>inde</strong></span> <span class='ocrx_word' id='word_1_204' title='bbox 554 3182 618 3228; x_wconf 92' lang='lat' dir='ltr'><strong>non</strong></span> <span class='ocrx_word' id='word_1_205' title='bbox 653 3161 840 3228; x_wconf 89' lang='lat' dir='ltr'><strong>necessario</strong></span> <span class='ocrx_word' id='word_1_206' title='bbox 875 3162 1040 3243; x_wconf 90' lang='lat' dir='ltr'><strong>colligitur</strong></span> <span class='ocrx_word' id='word_1_207' title='bbox 1064 3162 1304 3227; x_wconf 87' lang='lat' dir='ltr'><strong>commentariis</strong></span> 
     </span>
     <span class='ocr_line' id='line_1_27' title="bbox 123 3272 1305 3356; baseline -0.003 -16"><span class='ocrx_word' id='word_1_208' title='bbox 123 3295 202 3340; x_wconf 91' lang='lat' dir='ltr'><strong>usos</strong></span> <span class='ocrx_word' id='word_1_209' title='bbox 239 3295 313 3341; x_wconf 90' lang='lat' dir='ltr'><strong>esse</strong></span> <span class='ocrx_word' id='word_1_210' title='bbox 353 3273 593 3356; x_wconf 89' lang='lat' dir='ltr'><strong>grammaticos.</strong></span> <span class='ocrx_word' id='word_1_211' title='bbox 655 3274 753 3339; x_wconf 89' lang='lat' dir='ltr'><strong>Immo</strong></span> <span class='ocrx_word' id='word_1_212' title='bbox 794 3274 895 3339; x_wconf 90' lang='lat' dir='ltr'><strong>multo</strong></span> <span class='ocrx_word' id='word_1_213' title='bbox 933 3272 1144 3339; x_wconf 89' lang='lat' dir='ltr'><strong>verisimilius</strong></span> <span class='ocrx_word' id='word_1_214' title='bbox 1181 3277 1234 3338; x_wconf 90' lang='lat' dir='ltr'><strong>est</strong></span> <span class='ocrx_word' id='word_1_215' title='bbox 1271 3279 1305 3337; x_wconf 91' lang='lat' dir='ltr'><strong>et</strong></span> 
     </span>
     <span class='ocr_line' id='line_1_28' title="bbox 126 3383 1305 3465; baseline 0.002 -18"><span class='ocrx_word' id='word_1_216' title='bbox 126 3385 297 3451; x_wconf 91' lang='lat' dir='ltr'><strong>Verrium</strong></span> <span class='ocrx_word' id='word_1_217' title='bbox 330 3391 370 3451; x_wconf 94' lang='lat' dir='ltr'><strong>et</strong></span> <span class='ocrx_word' id='word_1_218' title='bbox 398 3384 556 3453; x_wconf 88' lang='lat' dir='ltr'><strong>Nonium</strong></span> <span class='ocrx_word' id='word_1_219' title='bbox 583 3387 766 3450; x_wconf 90' lang='lat' dir='ltr'><strong>lemmata</strong></span> <span class='ocrx_word' id='word_1_220' title='bbox 792 3404 838 3450; x_wconf 91' lang='lat' dir='ltr'><strong>ex</strong></span> <span class='ocrx_word' id='word_1_221' title='bbox 854 3384 967 3465; x_wconf 87' lang='lat' dir='ltr'><strong>ipsis</strong></span> <span class='ocrx_word' id='word_1_222' title='bbox 994 3384 1145 3449; x_wconf 85' lang='lat' dir='ltr'><strong>fabulis</strong></span> <span class='ocrx_word' id='word_1_223' title='bbox 1173 3383 1305 3465; x_wconf 87' lang='lat' dir='ltr'><strong>expis-</strong></span> 
     </span>
     <span class='ocr_line' id='line_1_29' title="bbox 123 3495 1306 3578; baseline -0.002 -17"><span class='ocrx_word' id='word_1_224' title='bbox 123 3503 234 3563; x_wconf 90' lang='lat' dir='ltr'><strong>catos</strong></span> <span class='ocrx_word' id='word_1_225' title='bbox 258 3517 354 3563; x_wconf 88' lang='lat' dir='ltr'><strong>esse.</strong></span> <span class='ocrx_word' id='word_1_226' title='bbox 400 3498 522 3562; x_wconf 89' lang='lat' dir='ltr'><strong>Deinde</strong></span> <span class='ocrx_word' id='word_1_227' title='bbox 556 3497 639 3578; x_wconf 91' lang='lat' dir='ltr'><strong>qnod</strong></span> <span class='ocrx_word' id='word_1_228' title='bbox 672 3496 715 3561; x_wconf 89' lang='lat' dir='ltr'><strong>ad</strong></span> <span class='ocrx_word' id='word_1_229' title='bbox 742 3495 1050 3578; x_wconf 82' lang='lat' dir='ltr'><strong>explicationem</strong></span> <span class='ocrx_word' id='word_1_230' title='bbox 1078 3515 1159 3576; x_wconf 91' lang='lat' dir='ltr'><strong>qnae</strong></span> <span class='ocrx_word' id='word_1_231' title='bbox 1189 3495 1306 3559; x_wconf 90' lang='lat' dir='ltr'><strong>lemma</strong></span> 
     </span>
     <span class='ocr_line' id='line_1_30' title="bbox 124 3605 1304 3694; baseline -0.003 -19"><span class='ocrx_word' id='word_1_232' title='bbox 124 3609 277 3694; x_wconf 67' lang='lat' dir='ltr'><strong>sequitant</strong></span> <span class='ocrx_word' id='word_1_233' title='bbox 309 3608 445 3690; x_wconf 82' lang='lat' dir='ltr'><strong>attinet,</strong></span> <span class='ocrx_word' id='word_1_234' title='bbox 480 3609 670 3674; x_wconf 91' lang='lat' dir='ltr'><strong>monendum</strong></span> <span class='ocrx_word' id='word_1_235' title='bbox 704 3612 757 3673; x_wconf 89' lang='lat' dir='ltr'><strong>est</strong></span> <span class='ocrx_word' id='word_1_236' title='bbox 790 3606 929 3673; x_wconf 85' lang='lat' dir='ltr'><strong>diversis</strong></span> <span class='ocrx_word' id='word_1_237' title='bbox 962 3605 1102 3687; x_wconf 90' lang='lat' dir='ltr'><strong>ingeniis</strong></span> <span class='ocrx_word' id='word_1_238' title='bbox 1135 3606 1304 3687; x_wconf 90' lang='lat' dir='ltr'><strong>praeditos</strong></span> 
     </span>
     <span class='ocr_line' id='line_1_31' title="bbox 122 3715 1304 3801; baseline -0.003 -15"><span class='ocrx_word' id='word_1_239' title='bbox 122 3720 227 3786; x_wconf 84' lang='lat' dir='ltr'><strong>fuisso</strong></span> <span class='ocrx_word' id='word_1_240' title='bbox 251 3719 428 3801; x_wconf 88' lang='lat' dir='ltr'><strong>scriptores</strong></span> <span class='ocrx_word' id='word_1_241' title='bbox 459 3725 599 3786; x_wconf 90' lang='lat' dir='ltr'><strong>nostros.</strong></span> <span class='ocrx_word' id='word_1_242' title='bbox 656 3718 790 3785; x_wconf 89' lang='lat' dir='ltr'><strong>Verrius</strong></span> <span class='ocrx_word' id='word_1_243' title='bbox 814 3717 960 3799; x_wconf 90' lang='lat' dir='ltr'><strong>equidem</strong></span> <span class='ocrx_word' id='word_1_244' title='bbox 992 3737 1056 3783; x_wconf 93' lang='lat' dir='ltr'><strong>non</strong></span> <span class='ocrx_word' id='word_1_245' title='bbox 1080 3716 1202 3798; x_wconf 90' lang='lat' dir='ltr'><strong>dubito,</strong></span> <span class='ocrx_word' id='word_1_246' title='bbox 1227 3715 1304 3797; x_wconf 89' lang='lat' dir='ltr'><strong>quin</strong></span> 
     </span>
     <span class='ocr_line' id='line_1_32' title="bbox 122 3827 1304 3913; baseline -0.004 -16"><span class='ocrx_word' id='word_1_247' title='bbox 122 3852 187 3899; x_wconf 91' lang='lat' dir='ltr'><strong>non</strong></span> <span class='ocrx_word' id='word_1_248' title='bbox 217 3832 321 3898; x_wconf 90' lang='lat' dir='ltr'><strong>solum</strong></span> <span class='ocrx_word' id='word_1_249' title='bbox 353 3837 499 3897; x_wconf 89' lang='lat' dir='ltr'><strong>veterum</strong></span> <span class='ocrx_word' id='word_1_250' title='bbox 527 3830 812 3913; x_wconf 87' lang='lat' dir='ltr'><strong>grammaticorum</strong></span> <span class='ocrx_word' id='word_1_251' title='bbox 846 3828 957 3909; x_wconf 90' lang='lat' dir='ltr'><strong>copias</strong></span> <span class='ocrx_word' id='word_1_252' title='bbox 992 3827 1094 3905; x_wconf 84' lang='lat' dir='ltr'><strong>(Laid.</strong></span> <span class='ocrx_word' id='word_1_253' title='bbox 1119 3830 1191 3892; x_wconf 76' lang='lat'><strong>208.</strong></span> <span class='ocrx_word' id='word_1_254' title='bbox 1216 3828 1304 3906; x_wconf 89' lang='lat' dir='ltr'><strong>adn.)</strong></span> 
     </span>
     <span class='ocr_line' id='line_1_33' title="bbox 123 3937 1305 4025; baseline -0.006 -14"><span class='ocrx_word' id='word_1_255' title='bbox 123 3942 291 4025; x_wconf 87' lang='lat' dir='ltr'><strong>asciverit,</strong></span> <span class='ocrx_word' id='word_1_256' title='bbox 316 3942 489 4009; x_wconf 85' lang='lat' dir='ltr'><strong>sedetiam</strong></span> <span class='ocrx_word' id='word_1_257' title='bbox 511 3942 582 4024; x_wconf 86' lang='lat' dir='ltr'><strong>ipse</strong></span> <span class='ocrx_word' id='word_1_258' title='bbox 597 3941 700 4007; x_wconf 90' lang='lat' dir='ltr'><strong>multa</strong></span> <span class='ocrx_word' id='word_1_259' title='bbox 716 3940 874 4007; x_wconf 91' lang='lat' dir='ltr'><strong>vocabula</strong></span> <span class='ocrx_word' id='word_1_260' title='bbox 888 3939 1127 4020; x_wconf 88' lang='lat' dir='ltr'><strong>interpretatus</strong></span> <span class='ocrx_word' id='word_1_261' title='bbox 1144 3937 1197 4003; x_wconf 91' lang='lat' dir='ltr'><strong>sit.</strong></span> <span class='ocrx_word' id='word_1_262' title='bbox 1237 3938 1305 4004; x_wconf 91' lang='lat' dir='ltr'><strong>Hoc</strong></span> 
     </span>
     <span class='ocr_line' id='line_1_34' title="bbox 121 4048 1305 4135; baseline -0.008 -11"><span class='ocrx_word' id='word_1_263' title='bbox 121 4077 198 4123; x_wconf 91' lang='lat' dir='ltr'><strong>num</strong></span> <span class='ocrx_word' id='word_1_264' title='bbox 222 4055 262 4119; x_wconf 90' lang='lat' dir='ltr'><strong>de</strong></span> <span class='ocrx_word' id='word_1_265' title='bbox 279 4051 383 4119; x_wconf 91' lang='lat' dir='ltr'><strong>Nonio</strong></span> <span class='ocrx_word' id='word_1_266' title='bbox 400 4053 554 4119; x_wconf 84' lang='lat' dir='ltr'><strong>affirmari</strong></span> <span class='ocrx_word' id='word_1_267' title='bbox 575 4051 692 4135; x_wconf 88' lang='lat' dir='ltr'><strong>possit,</strong></span> <span class='ocrx_word' id='word_1_268' title='bbox 717 4053 822 4118; x_wconf 91' lang='lat' dir='ltr'><strong>adhuc</strong></span> <span class='ocrx_word' id='word_1_269' title='bbox 838 4070 901 4117; x_wconf 91' lang='lat' dir='ltr'><strong>non</strong></span> <span class='ocrx_word' id='word_1_270' title='bbox 924 4049 1036 4131; x_wconf 89' lang='lat' dir='ltr'><strong>liquet.</strong></span> <span class='ocrx_word' id='word_1_271' title='bbox 1071 4048 1305 4130; x_wconf 86' lang='lat' dir='ltr'><strong>Nonnunquam</strong></span> 
     </span>
     <span class='ocr_line' id='line_1_35' title="bbox 120 4160 1304 4252; baseline -0.008 -17"><span class='ocrx_word' id='word_1_272' title='bbox 120 4175 268 4252; x_wconf 82' lang='lat' dir='ltr'><strong>(semper</strong></span> <span class='ocrx_word' id='word_1_273' title='bbox 290 4166 359 4229; x_wconf 85' lang='lat' dir='ltr'><strong>fere</strong></span> <span class='ocrx_word' id='word_1_274' title='bbox 382 4164 414 4229; x_wconf 90' lang='lat' dir='ltr'><strong>in</strong></span> <span class='ocrx_word' id='word_1_275' title='bbox 437 4166 458 4230; x_wconf 93' lang='lat' dir='ltr'><strong>l.</strong></span> <span class='ocrx_word' id='word_1_276' title='bbox 483 4165 533 4236; x_wconf 83' lang='lat' dir='ltr'><strong>ll.)</strong></span> <span class='ocrx_word' id='word_1_277' title='bbox 553 4162 727 4246; x_wconf 85' lang='lat' dir='ltr'><strong>explicatio</strong></span> <span class='ocrx_word' id='word_1_278' title='bbox 752 4160 992 4243; x_wconf 89' lang='lat' dir='ltr'><strong>simplicissima</strong></span> <span class='ocrx_word' id='word_1_279' title='bbox 1015 4165 1077 4242; x_wconf 90' lang='lat' dir='ltr'><strong>est,</strong></span> <span class='ocrx_word' id='word_1_280' title='bbox 1111 4165 1148 4226; x_wconf 90' lang='lat' dir='ltr'><strong>ut</strong></span> <span class='ocrx_word' id='word_1_281' title='bbox 1172 4161 1211 4225; x_wconf 91' lang='lat' dir='ltr'><strong>de</strong></span> <span class='ocrx_word' id='word_1_282' title='bbox 1234 4160 1304 4226; x_wconf 88' lang='lat' dir='ltr'><strong>eins</strong></span> 
     </span>
     <span class='ocr_line' id='line_1_36' title="bbox 117 4271 1307 4356; baseline -0.012 -6"><span class='ocrx_word' id='word_1_283' title='bbox 117 4284 214 4351; x_wconf 81' lang='lat' dir='ltr'><strong>fonte</strong></span> <span class='ocrx_word' id='word_1_284' title='bbox 245 4275 374 4343; x_wconf 89' lang='lat' dir='ltr'><strong>omnino</strong></span> <span class='ocrx_word' id='word_1_285' title='bbox 410 4276 455 4341; x_wconf 94' lang='lat' dir='ltr'><strong>nil</strong></span> <span class='ocrx_word' id='word_1_286' title='bbox 489 4275 558 4341; x_wconf 86' lang='lat' dir='ltr'><strong>erui</strong></span> <span class='ocrx_word' id='word_1_287' title='bbox 593 4273 701 4356; x_wconf 90' lang='lat' dir='ltr'><strong>possit</strong></span> <span class='ocrx_word' id='word_1_288' title='bbox 735 4275 824 4340; x_wconf 91' lang='lat' dir='ltr'><strong>velut</strong></span> <span class='ocrx_word' id='word_1_289' title='bbox 857 4272 889 4337; x_wconf 90' lang='lat' dir='ltr'><strong>in</strong></span> <span class='ocrx_word' id='word_1_290' title='bbox 923 4271 1044 4353; x_wconf 87' lang='lat' dir='ltr'><strong>glossis</strong></span> <span class='ocrx_word' id='word_1_291' title='bbox 1084 4275 1133 4337; x_wconf 77' lang='lat' dir='ltr'><strong>la.</strong></span> <span class='ocrx_word' id='word_1_292' title='bbox 1169 4272 1307 4337; x_wconf 81' lang='grc'>1111111</span> 
     </span>
    </p>
   </div>
   <div class='ocr_carea' id='block_1_3' title="bbox 0 0 1473 4909">
    <p class='ocr_par' dir='ltr' id='par_1_3' title="bbox 0 0 1473 4909">
     <span class='ocr_line' id='line_1_37' title="bbox 0 0 1473 4909; baseline 0 0"><span class='ocrx_word' id='word_1_293' title='bbox 0 0 1473 4909; x_wconf 95' lang='lat' dir='ltr'><strong> </strong></span> 
     </span>
    </p>
   </div>
  </div>
 </body>
</html>
